%YAML 1.1
%TAG !u! tag:unity3d.com,2011:
--- !u!1001 &100100000
Prefab:
  m_ObjectHideFlags: 1
  serializedVersion: 2
  m_Modification:
    m_TransformParent: {fileID: 0}
    m_Modifications: []
    m_RemovedComponents: []
  m_ParentPrefab: {fileID: 0}
  m_RootGameObject: {fileID: 1072104030832640}
  m_IsPrefabParent: 1
--- !u!1 &1072104030832640
GameObject:
  m_ObjectHideFlags: 0
  m_PrefabParentObject: {fileID: 0}
  m_PrefabInternal: {fileID: 100100000}
  serializedVersion: 5
  m_Component:
  - component: {fileID: 4739166616589448}
  m_Layer: 0
  m_Name: pushIcon
  m_TagString: Untagged
  m_Icon: {fileID: 0}
  m_NavMeshLayer: 0
  m_StaticEditorFlags: 0
  m_IsActive: 1
--- !u!1 &1598541993944012
GameObject:
  m_ObjectHideFlags: 0
  m_PrefabParentObject: {fileID: 0}
  m_PrefabInternal: {fileID: 100100000}
  serializedVersion: 5
  m_Component:
  - component: {fileID: 4350699146773816}
  - component: {fileID: 114590414716864382}
  - component: {fileID: 114625632904188012}
  - component: {fileID: 23925653433894904}
  - component: {fileID: 33050988290063854}
  - component: {fileID: 114264515617381568}
  - component: {fileID: 64861451914197064}
  m_Layer: 0
  m_Name: New Game Object
  m_TagString: Untagged
  m_Icon: {fileID: 0}
  m_NavMeshLayer: 0
  m_StaticEditorFlags: 127
  m_IsActive: 1
--- !u!1 &1963487649752878
GameObject:
  m_ObjectHideFlags: 0
  m_PrefabParentObject: {fileID: 0}
  m_PrefabInternal: {fileID: 100100000}
  serializedVersion: 5
  m_Component:
  - component: {fileID: 4005852654514204}
  - component: {fileID: 114155251727231708}
  - component: {fileID: 114394720432975586}
  - component: {fileID: 23405319432731236}
  - component: {fileID: 33277254891906016}
  - component: {fileID: 114920667054418924}
  - component: {fileID: 64838493611492490}
  m_Layer: 0
  m_Name: New Game Object (4)
  m_TagString: Untagged
  m_Icon: {fileID: 0}
  m_NavMeshLayer: 0
  m_StaticEditorFlags: 127
  m_IsActive: 1
--- !u!4 &4005852654514204
Transform:
  m_ObjectHideFlags: 1
  m_PrefabParentObject: {fileID: 0}
  m_PrefabInternal: {fileID: 100100000}
  m_GameObject: {fileID: 1963487649752878}
  m_LocalRotation: {x: -0, y: -0, z: -1, w: 0.000048905604}
  m_LocalPosition: {x: -1.6622059, y: 0.35000014, z: 0}
  m_LocalScale: {x: 1, y: 1, z: 1}
  m_Children: []
  m_Father: {fileID: 4739166616589448}
  m_RootOrder: 1
  m_LocalEulerAnglesHint: {x: 0, y: 0, z: -179.994}
--- !u!4 &4350699146773816
Transform:
  m_ObjectHideFlags: 1
  m_PrefabParentObject: {fileID: 0}
  m_PrefabInternal: {fileID: 100100000}
  m_GameObject: {fileID: 1598541993944012}
  m_LocalRotation: {x: -0, y: -0, z: -0, w: 1}
  m_LocalPosition: {x: 0, y: 0, z: 0}
  m_LocalScale: {x: 1, y: 1, z: 1}
  m_Children: []
  m_Father: {fileID: 4739166616589448}
  m_RootOrder: 0
  m_LocalEulerAnglesHint: {x: 0, y: 0, z: 0}
--- !u!4 &4739166616589448
Transform:
  m_ObjectHideFlags: 1
  m_PrefabParentObject: {fileID: 0}
  m_PrefabInternal: {fileID: 100100000}
  m_GameObject: {fileID: 1072104030832640}
  m_LocalRotation: {x: 0.5000139, y: -0.50003946, z: -0.49979717, w: -0.50014955}
  m_LocalPosition: {x: 0.096527524, y: 0.73949957, z: -0.6705533}
  m_LocalScale: {x: 0.19053026, y: 0.4806405, z: 0.35519603}
  m_Children:
  - {fileID: 4350699146773816}
  - {fileID: 4005852654514204}
  m_Father: {fileID: 0}
  m_RootOrder: 0
  m_LocalEulerAnglesHint: {x: -90.00001, y: 0, z: 90.004005}
--- !u!23 &23405319432731236
MeshRenderer:
  m_ObjectHideFlags: 1
  m_PrefabParentObject: {fileID: 0}
  m_PrefabInternal: {fileID: 100100000}
  m_GameObject: {fileID: 1963487649752878}
  m_Enabled: 1
  m_CastShadows: 2
  m_ReceiveShadows: 1
  m_DynamicOccludee: 1
  m_MotionVectors: 1
  m_LightProbeUsage: 1
  m_ReflectionProbeUsage: 1
  m_Materials:
  - {fileID: 2100000, guid: 55296d1b6ee54e14e8eb4648d4b448ee, type: 2}
  m_StaticBatchInfo:
    firstSubMesh: 0
    subMeshCount: 0
  m_StaticBatchRoot: {fileID: 0}
  m_ProbeAnchor: {fileID: 0}
  m_LightProbeVolumeOverride: {fileID: 0}
  m_ScaleInLightmap: 1
  m_PreserveUVs: 0
  m_IgnoreNormalsForChartDetection: 0
  m_ImportantGI: 0
  m_StitchLightmapSeams: 0
  m_SelectedEditorRenderState: 2
  m_MinimumChartSize: 4
  m_AutoUVMaxDistance: 0.5
  m_AutoUVMaxAngle: 89
  m_LightmapParameters: {fileID: 0}
  m_SortingLayerID: 0
  m_SortingLayer: 0
  m_SortingOrder: 0
--- !u!23 &23925653433894904
MeshRenderer:
  m_ObjectHideFlags: 1
  m_PrefabParentObject: {fileID: 0}
  m_PrefabInternal: {fileID: 100100000}
  m_GameObject: {fileID: 1598541993944012}
  m_Enabled: 1
  m_CastShadows: 2
  m_ReceiveShadows: 1
  m_DynamicOccludee: 1
  m_MotionVectors: 1
  m_LightProbeUsage: 1
  m_ReflectionProbeUsage: 1
  m_Materials:
  - {fileID: 2100000, guid: 55296d1b6ee54e14e8eb4648d4b448ee, type: 2}
  m_StaticBatchInfo:
    firstSubMesh: 0
    subMeshCount: 0
  m_StaticBatchRoot: {fileID: 0}
  m_ProbeAnchor: {fileID: 0}
  m_LightProbeVolumeOverride: {fileID: 0}
  m_ScaleInLightmap: 1
  m_PreserveUVs: 0
  m_IgnoreNormalsForChartDetection: 0
  m_ImportantGI: 0
  m_StitchLightmapSeams: 0
  m_SelectedEditorRenderState: 2
  m_MinimumChartSize: 4
  m_AutoUVMaxDistance: 0.5
  m_AutoUVMaxAngle: 89
  m_LightmapParameters: {fileID: 0}
  m_SortingLayerID: 0
  m_SortingLayer: 0
  m_SortingOrder: 0
--- !u!33 &33050988290063854
MeshFilter:
  m_ObjectHideFlags: 1
  m_PrefabParentObject: {fileID: 0}
  m_PrefabInternal: {fileID: 100100000}
  m_GameObject: {fileID: 1598541993944012}
  m_Mesh: {fileID: 0}
--- !u!33 &33277254891906016
MeshFilter:
  m_ObjectHideFlags: 1
  m_PrefabParentObject: {fileID: 0}
  m_PrefabInternal: {fileID: 100100000}
  m_GameObject: {fileID: 1963487649752878}
  m_Mesh: {fileID: 0}
--- !u!64 &64838493611492490
MeshCollider:
  m_ObjectHideFlags: 1
  m_PrefabParentObject: {fileID: 0}
  m_PrefabInternal: {fileID: 100100000}
  m_GameObject: {fileID: 1963487649752878}
  m_Material: {fileID: 0}
  m_IsTrigger: 0
  m_Enabled: 1
  serializedVersion: 3
  m_Convex: 0
  m_CookingOptions: 14
  m_SkinWidth: 0.01
  m_Mesh: {fileID: 0}
--- !u!64 &64861451914197064
MeshCollider:
  m_ObjectHideFlags: 1
  m_PrefabParentObject: {fileID: 0}
  m_PrefabInternal: {fileID: 100100000}
  m_GameObject: {fileID: 1598541993944012}
  m_Material: {fileID: 0}
  m_IsTrigger: 0
  m_Enabled: 1
  serializedVersion: 3
  m_Convex: 0
  m_CookingOptions: 14
  m_SkinWidth: 0.01
  m_Mesh: {fileID: 0}
--- !u!114 &114155251727231708
MonoBehaviour:
  m_ObjectHideFlags: 1
  m_PrefabParentObject: {fileID: 0}
  m_PrefabInternal: {fileID: 100100000}
  m_GameObject: {fileID: 1963487649752878}
  m_Enabled: 1
  m_EditorHideFlags: 0
  m_Script: {fileID: 1227815207, guid: 0472bdc8d6d15384d98f22ee34302f9c, type: 3}
  m_Name: 
  m_EditorClassIdentifier: 
  points:
  - {x: 0.1, y: 0, z: -0.7}
  - {x: 0.1, y: 0, z: -1.0500001}
  - {x: 1, y: 0, z: -1.1}
  - {x: 1.0500001, y: 0, z: -0.75}
  - {x: 1.5500001, y: 0, z: 0.2}
  - {x: 1.2, y: 0, z: 0.3}
  - {x: 0.90000004, y: 0, z: -0.3}
  - {x: 0.75, y: 0, z: -0.2}
  - {x: 0.8, y: 0, z: 0.45000002}
  - {x: 0.5, y: 0, z: 0.5}
  - {x: 0.45000002, y: 0, z: -0.1}
  - {x: 0.3, y: 0, z: -0.15}
  - {x: 0.1, y: 0, z: 0.35}
  - {x: -0.2, y: 0, z: 0.25}
  - {x: 0.05, y: 0, z: -0.2}
  - {x: 0.05, y: 0, z: -0.45000002}
  - {x: -0.35, y: 0, z: -0.45000002}
  - {x: -0.25, y: 0, z: -0.6}
  extrude: 0.35
  polyEditMode: 0
  flipNormals: 0
  isOnGrid: 1
--- !u!114 &114264515617381568
MonoBehaviour:
  m_ObjectHideFlags: 1
  m_PrefabParentObject: {fileID: 0}
  m_PrefabInternal: {fileID: 100100000}
  m_GameObject: {fileID: 1598541993944012}
  m_Enabled: 1
  m_EditorHideFlags: 0
  m_Script: {fileID: 185759285, guid: 0472bdc8d6d15384d98f22ee34302f9c, type: 3}
  m_Name: 
  m_EditorClassIdentifier: 
  _quads:
  - _indices: 10000000110000000f0000000f0000001100000000000000070000000f00000000000000000000000600000007000000060000000000000003000000000000000200000003000000000000000100000002000000060000000300000004000000050000000600000004000000070000000b0000000f0000000f0000000b0000000e0000000c0000000e0000000b0000000d0000000e0000000c0000000a0000000b000000070000000a000000070000000800000008000000090000000a000000
    _distinctIndices: 10000000110000000f00000000000000070000000600000003000000020000000100000004000000050000000b0000000e0000000c0000000d0000000a0000000800000009000000
    _edges:
    - x: 16
      y: 17
    - x: 15
      y: 16
    - x: 17
      y: 0
    - x: 6
      y: 7
    - x: 2
      y: 3
    - x: 0
      y: 1
    - x: 1
      y: 2
    - x: 3
      y: 4
    - x: 5
      y: 6
    - x: 4
      y: 5
    - x: 14
      y: 15
    - x: 11
      y: 12
    - x: 13
      y: 14
    - x: 12
      y: 13
    - x: 10
      y: 11
    - x: 7
      y: 8
    - x: 8
      y: 9
    - x: 9
      y: 10
    _smoothingGroup: 0
    _uv:
      useWorldSpace: 0
      flipU: 0
      flipV: 0
      swapUV: 0
      fill: 1
      scale: {x: 1, y: 1}
      offset: {x: 0, y: 0}
      rotation: 0
      justify: 0
      localPivot: {x: -0.6, y: -0.3}
      localSize: {x: 0, y: 0}
      anchor: 9
    _mat: {fileID: 2100000, guid: 55296d1b6ee54e14e8eb4648d4b448ee, type: 2}
    manualUV: 0
    elementGroup: 0
    textureGroup: -1
  - _indices: 210000002300000022000000220000001600000021000000160000001d000000210000001f0000001e000000200000001d0000001e0000001f0000001e0000001d00000014000000140000001d000000160000001b000000170000001c0000001b0000001800000017000000190000001a00000015000000180000001900000015000000180000001500000017000000160000001700000015000000150000001400000016000000150000001300000014000000140000001300000012000000
    _distinctIndices: 210000002300000022000000160000001d0000001f0000001e00000020000000140000001b000000170000001c00000018000000190000001a000000150000001300000012000000
    _edges:
    - x: 33
      y: 35
    - x: 35
      y: 34
    - x: 34
      y: 22
    - x: 29
      y: 33
    - x: 30
      y: 32
    - x: 32
      y: 31
    - x: 31
      y: 29
    - x: 20
      y: 30
    - x: 23
      y: 28
    - x: 28
      y: 27
    - x: 27
      y: 24
    - x: 25
      y: 26
    - x: 26
      y: 21
    - x: 24
      y: 25
    - x: 22
      y: 23
    - x: 21
      y: 19
    - x: 19
      y: 18
    - x: 18
      y: 20
    _smoothingGroup: 0
    _uv:
      useWorldSpace: 0
      flipU: 0
      flipV: 0
      swapUV: 0
      fill: 1
      scale: {x: 1, y: 1}
      offset: {x: 0, y: 0}
      rotation: 0
      justify: 0
      localPivot: {x: 0.6, y: -0.3}
      localSize: {x: 0, y: 0}
      anchor: 9
    _mat: {fileID: 2100000, guid: 55296d1b6ee54e14e8eb4648d4b448ee, type: 2}
    manualUV: 0
    elementGroup: 0
    textureGroup: -1
  - _indices: 240000002500000026000000250000002700000026000000
    _distinctIndices: 24000000250000002600000027000000
    _edges:
    - x: 36
      y: 37
    - x: 38
      y: 36
    - x: 37
      y: 39
    - x: 39
      y: 38
    _smoothingGroup: 0
    _uv:
      useWorldSpace: 0
      flipU: 0
      flipV: 0
      swapUV: 0
      fill: 1
      scale: {x: 1, y: 1}
      offset: {x: 0, y: 0}
      rotation: 0
      justify: 0
      localPivot: {x: -0.23875575, y: 0.175}
      localSize: {x: 0, y: 0}
      anchor: 9
    _mat: {fileID: 2100000, guid: 55296d1b6ee54e14e8eb4648d4b448ee, type: 2}
    manualUV: 0
    elementGroup: -1
    textureGroup: -1
  - _indices: 28000000290000002a000000290000002b0000002a000000
    _distinctIndices: 28000000290000002a0000002b000000
    _edges:
    - x: 40
      y: 41
    - x: 42
      y: 40
    - x: 41
      y: 43
    - x: 43
      y: 42
    _smoothingGroup: 0
    _uv:
      useWorldSpace: 0
      flipU: 0
      flipV: 0
      swapUV: 0
      fill: 1
      scale: {x: 1, y: 1}
      offset: {x: 0, y: 0}
      rotation: 0
      justify: 0
      localPivot: {x: -0.5630666, y: 0.175}
      localSize: {x: 0, y: 0}
      anchor: 9
    _mat: {fileID: 2100000, guid: 55296d1b6ee54e14e8eb4648d4b448ee, type: 2}
    manualUV: 0
    elementGroup: -1
    textureGroup: -1
  - _indices: 2c0000002d0000002e0000002d0000002f0000002e000000
    _distinctIndices: 2c0000002d0000002e0000002f000000
    _edges:
    - x: 44
      y: 45
    - x: 46
      y: 44
    - x: 45
      y: 47
    - x: 47
      y: 46
    _smoothingGroup: 0
    _uv:
      useWorldSpace: 0
      flipU: 0
      flipV: 0
      swapUV: 0
      fill: 1
      scale: {x: 1, y: 1}
      offset: {x: 0, y: 0}
      rotation: 0
      justify: 0
      localPivot: {x: 0.18407163, y: 0.175}
      localSize: {x: 0, y: 0}
      anchor: 9
    _mat: {fileID: 2100000, guid: 55296d1b6ee54e14e8eb4648d4b448ee, type: 2}
    manualUV: 0
    elementGroup: -1
    textureGroup: -1
  - _indices: 300000003100000032000000310000003300000032000000
    _distinctIndices: 30000000310000003200000033000000
    _edges:
    - x: 48
      y: 49
    - x: 50
      y: 48
    - x: 49
      y: 51
    - x: 51
      y: 50
    _smoothingGroup: 0
    _uv:
      useWorldSpace: 0
      flipU: 0
      flipV: 0
      swapUV: 0
      fill: 1
      scale: {x: 1, y: 1}
      offset: {x: 0, y: 0}
      rotation: 0
      justify: 0
      localPivot: {x: -0.3162278, y: 0.175}
      localSize: {x: 0, y: 0}
      anchor: 9
    _mat: {fileID: 2100000, guid: 55296d1b6ee54e14e8eb4648d4b448ee, type: 2}
    manualUV: 0
    elementGroup: -1
    textureGroup: -1
  - _indices: 340000003500000036000000350000003700000036000000
    _distinctIndices: 34000000350000003600000037000000
    _edges:
    - x: 52
      y: 53
    - x: 54
      y: 52
    - x: 53
      y: 55
    - x: 55
      y: 54
    _smoothingGroup: 0
    _uv:
      useWorldSpace: 0
      flipU: 0
      flipV: 0
      swapUV: 0
      fill: 1
      scale: {x: 1, y: 1}
      offset: {x: 0, y: 0}
      rotation: 0
      justify: 0
      localPivot: {x: -0.05827716, y: 0.175}
      localSize: {x: 0, y: 0}
      anchor: 9
    _mat: {fileID: 2100000, guid: 55296d1b6ee54e14e8eb4648d4b448ee, type: 2}
    manualUV: 0
    elementGroup: -1
    textureGroup: -1
  - _indices: 38000000390000003a000000390000003b0000003a000000
    _distinctIndices: 38000000390000003a0000003b000000
    _edges:
    - x: 56
      y: 57
    - x: 58
      y: 56
    - x: 57
      y: 59
    - x: 59
      y: 58
    _smoothingGroup: 0
    _uv:
      useWorldSpace: 0
      flipU: 0
      flipV: 0
      swapUV: 0
      fill: 1
      scale: {x: 1, y: 1}
      offset: {x: 0, y: 0}
      rotation: 0
      justify: 0
      localPivot: {x: -0.04743415, y: 0.175}
      localSize: {x: 0, y: 0}
      anchor: 9
    _mat: {fileID: 2100000, guid: 55296d1b6ee54e14e8eb4648d4b448ee, type: 2}
    manualUV: 0
    elementGroup: -1
    textureGroup: -1
  - _indices: 3c0000003d0000003e0000003d0000003f0000003e000000
    _distinctIndices: 3c0000003d0000003e0000003f000000
    _edges:
    - x: 60
      y: 61
    - x: 62
      y: 60
    - x: 61
      y: 63
    - x: 63
      y: 62
    _smoothingGroup: 0
    _uv:
      useWorldSpace: 0
      flipU: 0
      flipV: 0
      swapUV: 0
      fill: 1
      scale: {x: 1, y: 1}
      offset: {x: 0, y: 0}
      rotation: 0
      justify: 0
      localPivot: {x: 0.018569514, y: 0.175}
      localSize: {x: 0, y: 0}
      anchor: 9
    _mat: {fileID: 2100000, guid: 55296d1b6ee54e14e8eb4648d4b448ee, type: 2}
    manualUV: 0
    elementGroup: -1
    textureGroup: -1
  - _indices: 400000004100000042000000410000004300000042000000
    _distinctIndices: 40000000410000004200000043000000
    _edges:
    - x: 64
      y: 65
    - x: 66
      y: 64
    - x: 65
      y: 67
    - x: 67
      y: 66
    _smoothingGroup: 0
    _uv:
      useWorldSpace: 0
      flipU: 0
      flipV: 0
      swapUV: 0
      fill: 1
      scale: {x: 1, y: 1}
      offset: {x: 0, y: 0}
      rotation: 0
      justify: 0
      localPivot: {x: 0.32500002, y: 0.175}
      localSize: {x: 0, y: 0}
      anchor: 9
    _mat: {fileID: 2100000, guid: 55296d1b6ee54e14e8eb4648d4b448ee, type: 2}
    manualUV: 0
    elementGroup: -1
    textureGroup: -1
  - _indices: 440000004500000046000000450000004700000046000000
    _distinctIndices: 44000000450000004600000047000000
    _edges:
    - x: 68
      y: 69
    - x: 70
      y: 68
    - x: 69
      y: 71
    - x: 71
      y: 70
    _smoothingGroup: 0
    _uv:
      useWorldSpace: 0
      flipU: 0
      flipV: 0
      swapUV: 0
      fill: 1
      scale: {x: 1, y: 1}
      offset: {x: 0, y: 0}
      rotation: 0
      justify: 0
      localPivot: {x: -0.4695743, y: 0.175}
      localSize: {x: 0, y: 0}
      anchor: 9
    _mat: {fileID: 2100000, guid: 55296d1b6ee54e14e8eb4648d4b448ee, type: 2}
    manualUV: 0
    elementGroup: -1
    textureGroup: -1
  - _indices: 48000000490000004a000000490000004b0000004a000000
    _distinctIndices: 48000000490000004a0000004b000000
    _edges:
    - x: 72
      y: 73
    - x: 74
      y: 72
    - x: 73
      y: 75
    - x: 75
      y: 74
    _smoothingGroup: 0
    _uv:
      useWorldSpace: 0
      flipU: 0
      flipV: 0
      swapUV: 0
      fill: 1
      scale: {x: 1, y: 1}
      offset: {x: 0, y: 0}
      rotation: 0
      justify: 0
      localPivot: {x: -1.2534152, y: 0.175}
      localSize: {x: 0, y: 0}
      anchor: 9
    _mat: {fileID: 2100000, guid: 55296d1b6ee54e14e8eb4648d4b448ee, type: 2}
    manualUV: 0
    elementGroup: -1
    textureGroup: -1
  - _indices: 4c0000004d0000004e0000004d0000004f0000004e000000
    _distinctIndices: 4c0000004d0000004e0000004f000000
    _edges:
    - x: 76
      y: 77
    - x: 78
      y: 76
    - x: 77
      y: 79
    - x: 79
      y: 78
    _smoothingGroup: 0
    _uv:
      useWorldSpace: 0
      flipU: 0
      flipV: 0
      swapUV: 0
      fill: 1
      scale: {x: 1, y: 1}
      offset: {x: 0, y: 0}
      rotation: 0
      justify: 0
      localPivot: {x: 0.36211792, y: 0.175}
      localSize: {x: 0, y: 0}
      anchor: 9
    _mat: {fileID: 2100000, guid: 55296d1b6ee54e14e8eb4648d4b448ee, type: 2}
    manualUV: 0
    elementGroup: -1
    textureGroup: -1
  - _indices: 500000005100000052000000510000005300000052000000
    _distinctIndices: 50000000510000005200000053000000
    _edges:
    - x: 80
      y: 81
    - x: 82
      y: 80
    - x: 81
      y: 83
    - x: 83
      y: 82
    _smoothingGroup: 0
    _uv:
      useWorldSpace: 0
      flipU: 0
      flipV: 0
      swapUV: 0
      fill: 1
      scale: {x: 1, y: 1}
      offset: {x: 0, y: 0}
      rotation: 0
      justify: 0
      localPivot: {x: 0.6087834, y: 0.175}
      localSize: {x: 0, y: 0}
      anchor: 9
    _mat: {fileID: 2100000, guid: 55296d1b6ee54e14e8eb4648d4b448ee, type: 2}
    manualUV: 0
    elementGroup: -1
    textureGroup: -1
  - _indices: 540000005500000056000000550000005700000056000000
    _distinctIndices: 54000000550000005600000057000000
    _edges:
    - x: 84
      y: 85
    - x: 86
      y: 84
    - x: 85
      y: 87
    - x: 87
      y: 86
    _smoothingGroup: 0
    _uv:
      useWorldSpace: 0
      flipU: 0
      flipV: 0
      swapUV: 0
      fill: 1
      scale: {x: 1, y: 1}
      offset: {x: 0, y: 0}
      rotation: 0
      justify: 0
      localPivot: {x: 0.875, y: 0.175}
      localSize: {x: 0, y: 0}
      anchor: 9
    _mat: {fileID: 2100000, guid: 55296d1b6ee54e14e8eb4648d4b448ee, type: 2}
    manualUV: 0
    elementGroup: -1
    textureGroup: -1
  - _indices: 58000000590000005a000000590000005b0000005a000000
    _distinctIndices: 58000000590000005a0000005b000000
    _edges:
    - x: 88
      y: 89
    - x: 90
      y: 88
    - x: 89
      y: 91
    - x: 91
      y: 90
    _smoothingGroup: 0
    _uv:
      useWorldSpace: 0
      flipU: 0
      flipV: 0
      swapUV: 0
      fill: 1
      scale: {x: 1, y: 1}
      offset: {x: 0, y: 0}
      rotation: 0
      justify: 0
      localPivot: {x: -0.7707462, y: 0.175}
      localSize: {x: 0, y: 0}
      anchor: 9
    _mat: {fileID: 2100000, guid: 55296d1b6ee54e14e8eb4648d4b448ee, type: 2}
    manualUV: 0
    elementGroup: -1
    textureGroup: -1
  - _indices: 5c0000005d0000005e0000005d0000005f0000005e000000
    _distinctIndices: 5c0000005d0000005e0000005f000000
    _edges:
    - x: 92
      y: 93
    - x: 94
      y: 92
    - x: 93
      y: 95
    - x: 95
      y: 94
    _smoothingGroup: 0
    _uv:
      useWorldSpace: 0
      flipU: 0
      flipV: 0
      swapUV: 0
      fill: 1
      scale: {x: 1, y: 1}
      offset: {x: 0, y: 0}
      rotation: 0
      justify: 0
      localPivot: {x: -0.8251166, y: 0.175}
      localSize: {x: 0, y: 0}
      anchor: 9
    _mat: {fileID: 2100000, guid: 55296d1b6ee54e14e8eb4648d4b448ee, type: 2}
    manualUV: 0
    elementGroup: -1
    textureGroup: -1
  - _indices: 600000006100000062000000610000006300000062000000
    _distinctIndices: 60000000610000006200000063000000
    _edges:
    - x: 96
      y: 97
    - x: 98
      y: 96
    - x: 97
      y: 99
    - x: 99
      y: 98
    _smoothingGroup: 0
    _uv:
      useWorldSpace: 0
      flipU: 0
      flipV: 0
      swapUV: 0
      fill: 1
      scale: {x: 1, y: 1}
      offset: {x: 0, y: 0}
      rotation: 0
      justify: 0
      localPivot: {x: 0.10645438, y: 0.175}
      localSize: {x: 0, y: 0}
      anchor: 9
    _mat: {fileID: 2100000, guid: 55296d1b6ee54e14e8eb4648d4b448ee, type: 2}
    manualUV: 0
    elementGroup: -1
    textureGroup: -1
  - _indices: 640000006500000066000000650000006700000066000000
    _distinctIndices: 64000000650000006600000067000000
    _edges:
    - x: 100
      y: 101
    - x: 102
      y: 100
    - x: 101
      y: 103
    - x: 103
      y: 102
    _smoothingGroup: 0
    _uv:
      useWorldSpace: 0
      flipU: 0
      flipV: 0
      swapUV: 0
      fill: 1
      scale: {x: 1, y: 1}
      offset: {x: 0, y: 0}
      rotation: 0
      justify: 0
      localPivot: {x: 0.27041638, y: 0.175}
      localSize: {x: 0, y: 0}
      anchor: 9
    _mat: {fileID: 2100000, guid: 55296d1b6ee54e14e8eb4648d4b448ee, type: 2}
    manualUV: 0
    elementGroup: -1
    textureGroup: -1
  - _indices: 68000000690000006a000000690000006b0000006a000000
    _distinctIndices: 68000000690000006a0000006b000000
    _edges:
    - x: 104
      y: 105
    - x: 106
      y: 104
    - x: 105
      y: 107
    - x: 107
      y: 106
    _smoothingGroup: 0
    _uv:
      useWorldSpace: 0
      flipU: 0
      flipV: 0
      swapUV: 0
      fill: 1
      scale: {x: 1, y: 1}
      offset: {x: 0, y: 0}
      rotation: 0
      justify: 0
      localPivot: {x: 0.14999999, y: 0.175}
      localSize: {x: 0, y: 0}
      anchor: 9
    _mat: {fileID: 2100000, guid: 55296d1b6ee54e14e8eb4648d4b448ee, type: 2}
    manualUV: 0
    elementGroup: -1
    textureGroup: -1
  _sharedIndices:
  - array: 000000005500000060000000
  - array: 150000005700000062000000
  - array: 010000005100000054000000
  - array: 1a0000005300000056000000
  - array: 020000005000000059000000
  - array: 19000000520000005b000000
  - array: 030000004d00000058000000
  - array: 180000004f0000005a000000
  - array: 04000000490000004c000000
  - array: 1b0000004b0000004e000000
  - array: 050000004500000048000000
  - array: 1c000000470000004a000000
  - array: 06000000440000005d000000
  - array: 17000000460000005f000000
  - array: 070000002d0000005c000000
  - array: 160000002f0000005e000000
  - array: 08000000290000002c000000
  - array: 220000002b0000002e000000
  - array: 090000002500000028000000
  - array: 23000000270000002a000000
  - array: 0a0000002400000031000000
  - array: 210000002600000033000000
  - array: 0b000000300000003d000000
  - array: 1d000000320000003f000000
  - array: 0c000000390000003c000000
  - array: 1f0000003b0000003e000000
  - array: 0d0000003500000038000000
  - array: 20000000370000003a000000
  - array: 0e0000003400000041000000
  - array: 1e0000003600000043000000
  - array: 0f0000004000000069000000
  - array: 14000000420000006b000000
  - array: 100000006500000068000000
  - array: 12000000670000006a000000
  - array: 110000006100000064000000
  - array: 130000006300000066000000
  _vertices:
  - {x: 0.1, y: 0, z: -0.7}
  - {x: 0.1, y: 0, z: -1.0500001}
  - {x: 1, y: 0, z: -1.1}
  - {x: 1.0500001, y: 0, z: -0.75}
  - {x: 1.5500001, y: 0, z: 0.2}
  - {x: 1.2, y: 0, z: 0.3}
  - {x: 0.90000004, y: 0, z: -0.3}
  - {x: 0.75, y: 0, z: -0.2}
  - {x: 0.8, y: 0, z: 0.45000002}
  - {x: 0.5, y: 0, z: 0.5}
  - {x: 0.45000002, y: 0, z: -0.1}
  - {x: 0.3, y: 0, z: -0.15}
  - {x: 0.1, y: 0, z: 0.35}
  - {x: -0.2, y: 0, z: 0.25}
  - {x: 0.05, y: 0, z: -0.2}
  - {x: 0.05, y: 0, z: -0.45000002}
  - {x: -0.35, y: 0, z: -0.45000002}
  - {x: -0.25, y: 0, z: -0.6}
  - {x: -0.35, y: 0.35, z: -0.45000002}
  - {x: -0.25, y: 0.35, z: -0.6}
  - {x: 0.05, y: 0.35, z: -0.45000002}
  - {x: 0.1, y: 0.35, z: -0.7}
  - {x: 0.75, y: 0.35, z: -0.2}
  - {x: 0.90000004, y: 0.35, z: -0.3}
  - {x: 1.0500001, y: 0.35, z: -0.75}
  - {x: 1, y: 0.35, z: -1.1}
  - {x: 0.1, y: 0.35, z: -1.0500001}
  - {x: 1.5500001, y: 0.35, z: 0.2}
  - {x: 1.2, y: 0.35, z: 0.3}
  - {x: 0.3, y: 0.35, z: -0.15}
  - {x: 0.05, y: 0.35, z: -0.2}
  - {x: 0.1, y: 0.35, z: 0.35}
  - {x: -0.2, y: 0.35, z: 0.25}
  - {x: 0.45000002, y: 0.35, z: -0.1}
  - {x: 0.8, y: 0.35, z: 0.45000002}
  - {x: 0.5, y: 0.35, z: 0.5}
  - {x: 0.45000002, y: 0, z: -0.1}
  - {x: 0.5, y: 0, z: 0.5}
  - {x: 0.45000002, y: 0.35, z: -0.1}
  - {x: 0.5, y: 0.35, z: 0.5}
  - {x: 0.5, y: 0, z: 0.5}
  - {x: 0.8, y: 0, z: 0.45000002}
  - {x: 0.5, y: 0.35, z: 0.5}
  - {x: 0.8, y: 0.35, z: 0.45000002}
  - {x: 0.8, y: 0, z: 0.45000002}
  - {x: 0.75, y: 0, z: -0.2}
  - {x: 0.8, y: 0.35, z: 0.45000002}
  - {x: 0.75, y: 0.35, z: -0.2}
  - {x: 0.3, y: 0, z: -0.15}
  - {x: 0.45000002, y: 0, z: -0.1}
  - {x: 0.3, y: 0.35, z: -0.15}
  - {x: 0.45000002, y: 0.35, z: -0.1}
  - {x: 0.05, y: 0, z: -0.2}
  - {x: -0.2, y: 0, z: 0.25}
  - {x: 0.05, y: 0.35, z: -0.2}
  - {x: -0.2, y: 0.35, z: 0.25}
  - {x: -0.2, y: 0, z: 0.25}
  - {x: 0.1, y: 0, z: 0.35}
  - {x: -0.2, y: 0.35, z: 0.25}
  - {x: 0.1, y: 0.35, z: 0.35}
  - {x: 0.1, y: 0, z: 0.35}
  - {x: 0.3, y: 0, z: -0.15}
  - {x: 0.1, y: 0.35, z: 0.35}
  - {x: 0.3, y: 0.35, z: -0.15}
  - {x: 0.05, y: 0, z: -0.45000002}
  - {x: 0.05, y: 0, z: -0.2}
  - {x: 0.05, y: 0.35, z: -0.45000002}
  - {x: 0.05, y: 0.35, z: -0.2}
  - {x: 0.90000004, y: 0, z: -0.3}
  - {x: 1.2, y: 0, z: 0.3}
  - {x: 0.90000004, y: 0.35, z: -0.3}
  - {x: 1.2, y: 0.35, z: 0.3}
  - {x: 1.2, y: 0, z: 0.3}
  - {x: 1.5500001, y: 0, z: 0.2}
  - {x: 1.2, y: 0.35, z: 0.3}
  - {x: 1.5500001, y: 0.35, z: 0.2}
  - {x: 1.5500001, y: 0, z: 0.2}
  - {x: 1.0500001, y: 0, z: -0.75}
  - {x: 1.5500001, y: 0.35, z: 0.2}
  - {x: 1.0500001, y: 0.35, z: -0.75}
  - {x: 1, y: 0, z: -1.1}
  - {x: 0.1, y: 0, z: -1.0500001}
  - {x: 1, y: 0.35, z: -1.1}
  - {x: 0.1, y: 0.35, z: -1.0500001}
  - {x: 0.1, y: 0, z: -1.0500001}
  - {x: 0.1, y: 0, z: -0.7}
  - {x: 0.1, y: 0.35, z: -1.0500001}
  - {x: 0.1, y: 0.35, z: -0.7}
  - {x: 1.0500001, y: 0, z: -0.75}
  - {x: 1, y: 0, z: -1.1}
  - {x: 1.0500001, y: 0.35, z: -0.75}
  - {x: 1, y: 0.35, z: -1.1}
  - {x: 0.75, y: 0, z: -0.2}
  - {x: 0.90000004, y: 0, z: -0.3}
  - {x: 0.75, y: 0.35, z: -0.2}
  - {x: 0.90000004, y: 0.35, z: -0.3}
  - {x: 0.1, y: 0, z: -0.7}
  - {x: -0.25, y: 0, z: -0.6}
  - {x: 0.1, y: 0.35, z: -0.7}
  - {x: -0.25, y: 0.35, z: -0.6}
  - {x: -0.25, y: 0, z: -0.6}
  - {x: -0.35, y: 0, z: -0.45000002}
  - {x: -0.25, y: 0.35, z: -0.6}
  - {x: -0.35, y: 0.35, z: -0.45000002}
  - {x: -0.35, y: 0, z: -0.45000002}
  - {x: 0.05, y: 0, z: -0.45000002}
  - {x: -0.35, y: 0.35, z: -0.45000002}
  - {x: 0.05, y: 0.35, z: -0.45000002}
  _uv:
  - {x: -0.1, y: -0.7}
  - {x: -0.1, y: -1.0500001}
  - {x: -1, y: -1.1}
  - {x: -1.0500001, y: -0.75}
  - {x: -1.5500001, y: 0.2}
  - {x: -1.2, y: 0.3}
  - {x: -0.90000004, y: -0.3}
  - {x: -0.75, y: -0.2}
  - {x: -0.8, y: 0.45000002}
  - {x: -0.5, y: 0.5}
  - {x: -0.45000002, y: -0.1}
  - {x: -0.3, y: -0.15}
  - {x: -0.1, y: 0.35}
  - {x: 0.2, y: 0.25}
  - {x: -0.05, y: -0.2}
  - {x: -0.05, y: -0.45000002}
  - {x: 0.35, y: -0.45000002}
  - {x: 0.25, y: -0.6}
  - {x: -0.35, y: -0.45000002}
  - {x: -0.25, y: -0.6}
  - {x: 0.05, y: -0.45000002}
  - {x: 0.1, y: -0.7}
  - {x: 0.75, y: -0.2}
  - {x: 0.90000004, y: -0.3}
  - {x: 1.0500001, y: -0.75}
  - {x: 1, y: -1.1}
  - {x: 0.1, y: -1.0500001}
  - {x: 1.5500001, y: 0.2}
  - {x: 1.2, y: 0.3}
  - {x: 0.3, y: -0.15}
  - {x: 0.05, y: -0.2}
  - {x: 0.1, y: 0.35}
  - {x: -0.2, y: 0.25}
  - {x: 0.45000002, y: -0.1}
  - {x: 0.8, y: 0.45000002}
  - {x: 0.5, y: 0.5}
  - {x: 0.06228413, y: 0}
  - {x: -0.53979564, y: 0}
  - {x: 0.06228413, y: 0.35}
  - {x: -0.53979564, y: 0.35}
  - {x: -0.4109975, y: 0}
  - {x: -0.71513563, y: 0}
  - {x: -0.4109975, y: 0.35}
  - {x: -0.71513563, y: 0.35}
  - {x: 0.51003176, y: 0}
  - {x: -0.14188851, y: 0}
  - {x: 0.51003176, y: 0.35}
  - {x: -0.14188851, y: 0.35}
  - {x: -0.23717083, y: 0}
  - {x: -0.39528474, y: 0}
  - {x: -0.23717083, y: 0.35}
  - {x: -0.39528474, y: 0.35}
  - {x: 0.1991136, y: 0}
  - {x: -0.31566793, y: 0}
  - {x: 0.1991136, y: 0.35}
  - {x: -0.31566793, y: 0.35}
  - {x: 0.11067973, y: 0}
  - {x: -0.20554803, y: 0}
  - {x: 0.11067973, y: 0.35}
  - {x: -0.20554803, y: 0.35}
  - {x: 0.28782776, y: 0}
  - {x: -0.25068873, y: 0}
  - {x: 0.28782776, y: 0.35}
  - {x: -0.25068873, y: 0.35}
  - {x: 0.45000002, y: 0}
  - {x: 0.2, y: 0}
  - {x: 0.45000002, y: 0.35}
  - {x: 0.2, y: 0.35}
  - {x: -0.13416408, y: 0}
  - {x: -0.8049845, y: 0}
  - {x: -0.13416408, y: 0.35}
  - {x: -0.8049845, y: 0.35}
  - {x: -1.0714124, y: 0}
  - {x: -1.435418, y: 0}
  - {x: -1.0714124, y: 0.35}
  - {x: -1.435418, y: 0.35}
  - {x: 0.8988907, y: 0}
  - {x: -0.17465484, y: 0}
  - {x: 0.8988907, y: 0.35}
  - {x: -0.17465484, y: 0.35}
  - {x: 1.0594773, y: 0}
  - {x: 0.1580895, y: 0}
  - {x: 1.0594773, y: 0.35}
  - {x: 0.1580895, y: 0.35}
  - {x: 1.0500001, y: 0}
  - {x: 0.7, y: 0}
  - {x: 1.0500001, y: 0.35}
  - {x: 0.7, y: 0.35}
  - {x: -0.59396946, y: 0}
  - {x: -0.9475229, y: 0}
  - {x: -0.59396946, y: 0.35}
  - {x: -0.9475229, y: 0.35}
  - {x: -0.7349778, y: 0}
  - {x: -0.91525537, y: 0}
  - {x: -0.7349778, y: 0.35}
  - {x: -0.91525537, y: 0.35}
  - {x: 0.28845713, y: 0}
  - {x: -0.075548366, y: 0}
  - {x: 0.28845713, y: 0.35}
  - {x: -0.075548366, y: 0.35}
  - {x: 0.36055517, y: 0}
  - {x: 0.18027762, y: 0}
  - {x: 0.36055517, y: 0.35}
  - {x: 0.18027762, y: 0.35}
  - {x: 0.35, y: 0}
  - {x: -0.05, y: 0}
  - {x: 0.35, y: 0.35}
  - {x: -0.05, y: 0.35}
  _uv3:
  - {x: 0, y: 0, z: 0, w: 0}
  - {x: 0, y: 0, z: 0, w: 0}
  - {x: 0, y: 0, z: 0, w: 0}
  - {x: 0, y: 0, z: 0, w: 0}
  - {x: 0, y: 0, z: 0, w: 0}
  - {x: 0, y: 0, z: 0, w: 0}
  - {x: 0, y: 0, z: 0, w: 0}
  - {x: 0, y: 0, z: 0, w: 0}
  - {x: 0, y: 0, z: 0, w: 0}
  - {x: 0, y: 0, z: 0, w: 0}
  - {x: 0, y: 0, z: 0, w: 0}
  - {x: 0, y: 0, z: 0, w: 0}
  - {x: 0, y: 0, z: 0, w: 0}
  - {x: 0, y: 0, z: 0, w: 0}
  - {x: 0, y: 0, z: 0, w: 0}
  - {x: 0, y: 0, z: 0, w: 0}
  - {x: 0, y: 0, z: 0, w: 0}
  - {x: 0, y: 0, z: 0, w: 0}
  - {x: 0, y: 0, z: 0, w: 0}
  - {x: 0, y: 0, z: 0, w: 0}
  - {x: 0, y: 0, z: 0, w: 0}
  - {x: 0, y: 0, z: 0, w: 0}
  - {x: 0, y: 0, z: 0, w: 0}
  - {x: 0, y: 0, z: 0, w: 0}
  - {x: 0, y: 0, z: 0, w: 0}
  - {x: 0, y: 0, z: 0, w: 0}
  - {x: 0, y: 0, z: 0, w: 0}
  - {x: 0, y: 0, z: 0, w: 0}
  - {x: 0, y: 0, z: 0, w: 0}
  - {x: 0, y: 0, z: 0, w: 0}
  - {x: 0, y: 0, z: 0, w: 0}
  - {x: 0, y: 0, z: 0, w: 0}
  - {x: 0, y: 0, z: 0, w: 0}
  - {x: 0, y: 0, z: 0, w: 0}
  - {x: 0, y: 0, z: 0, w: 0}
  - {x: 0, y: 0, z: 0, w: 0}
  - {x: 0, y: 0, z: 0, w: 0}
  - {x: 0, y: 0, z: 0, w: 0}
  - {x: 0, y: 0, z: 0, w: 0}
  - {x: 0, y: 0, z: 0, w: 0}
  - {x: 0, y: 0, z: 0, w: 0}
  - {x: 0, y: 0, z: 0, w: 0}
  - {x: 0, y: 0, z: 0, w: 0}
  - {x: 0, y: 0, z: 0, w: 0}
  - {x: 0, y: 0, z: 0, w: 0}
  - {x: 0, y: 0, z: 0, w: 0}
  - {x: 0, y: 0, z: 0, w: 0}
  - {x: 0, y: 0, z: 0, w: 0}
  - {x: 0, y: 0, z: 0, w: 0}
  - {x: 0, y: 0, z: 0, w: 0}
  - {x: 0, y: 0, z: 0, w: 0}
  - {x: 0, y: 0, z: 0, w: 0}
  - {x: 0, y: 0, z: 0, w: 0}
  - {x: 0, y: 0, z: 0, w: 0}
  - {x: 0, y: 0, z: 0, w: 0}
  - {x: 0, y: 0, z: 0, w: 0}
  - {x: 0, y: 0, z: 0, w: 0}
  - {x: 0, y: 0, z: 0, w: 0}
  - {x: 0, y: 0, z: 0, w: 0}
  - {x: 0, y: 0, z: 0, w: 0}
  - {x: 0, y: 0, z: 0, w: 0}
  - {x: 0, y: 0, z: 0, w: 0}
  - {x: 0, y: 0, z: 0, w: 0}
  - {x: 0, y: 0, z: 0, w: 0}
  - {x: 0, y: 0, z: 0, w: 0}
  - {x: 0, y: 0, z: 0, w: 0}
  - {x: 0, y: 0, z: 0, w: 0}
  - {x: 0, y: 0, z: 0, w: 0}
  - {x: 0, y: 0, z: 0, w: 0}
  - {x: 0, y: 0, z: 0, w: 0}
  - {x: 0, y: 0, z: 0, w: 0}
  - {x: 0, y: 0, z: 0, w: 0}
  - {x: 0, y: 0, z: 0, w: 0}
  - {x: 0, y: 0, z: 0, w: 0}
  - {x: 0, y: 0, z: 0, w: 0}
  - {x: 0, y: 0, z: 0, w: 0}
  - {x: 0, y: 0, z: 0, w: 0}
  - {x: 0, y: 0, z: 0, w: 0}
  - {x: 0, y: 0, z: 0, w: 0}
  - {x: 0, y: 0, z: 0, w: 0}
  - {x: 0, y: 0, z: 0, w: 0}
  - {x: 0, y: 0, z: 0, w: 0}
  - {x: 0, y: 0, z: 0, w: 0}
  - {x: 0, y: 0, z: 0, w: 0}
  - {x: 0, y: 0, z: 0, w: 0}
  - {x: 0, y: 0, z: 0, w: 0}
  - {x: 0, y: 0, z: 0, w: 0}
  - {x: 0, y: 0, z: 0, w: 0}
  - {x: 0, y: 0, z: 0, w: 0}
  - {x: 0, y: 0, z: 0, w: 0}
  - {x: 0, y: 0, z: 0, w: 0}
  - {x: 0, y: 0, z: 0, w: 0}
  - {x: 0, y: 0, z: 0, w: 0}
  - {x: 0, y: 0, z: 0, w: 0}
  - {x: 0, y: 0, z: 0, w: 0}
  - {x: 0, y: 0, z: 0, w: 0}
  - {x: 0, y: 0, z: 0, w: 0}
  - {x: 0, y: 0, z: 0, w: 0}
  - {x: 0, y: 0, z: 0, w: 0}
  - {x: 0, y: 0, z: 0, w: 0}
  - {x: 0, y: 0, z: 0, w: 0}
  - {x: 0, y: 0, z: 0, w: 0}
  - {x: 0, y: 0, z: 0, w: 0}
  - {x: 0, y: 0, z: 0, w: 0}
  - {x: 0, y: 0, z: 0, w: 0}
  - {x: 0, y: 0, z: 0, w: 0}
  - {x: 0, y: 0, z: 0, w: 0}
  - {x: 0, y: 0, z: 0, w: 0}
  _uv4:
  - {x: 0, y: 0, z: 0, w: 0}
  - {x: 0, y: 0, z: 0, w: 0}
  - {x: 0, y: 0, z: 0, w: 0}
  - {x: 0, y: 0, z: 0, w: 0}
  - {x: 0, y: 0, z: 0, w: 0}
  - {x: 0, y: 0, z: 0, w: 0}
  - {x: 0, y: 0, z: 0, w: 0}
  - {x: 0, y: 0, z: 0, w: 0}
  - {x: 0, y: 0, z: 0, w: 0}
  - {x: 0, y: 0, z: 0, w: 0}
  - {x: 0, y: 0, z: 0, w: 0}
  - {x: 0, y: 0, z: 0, w: 0}
  - {x: 0, y: 0, z: 0, w: 0}
  - {x: 0, y: 0, z: 0, w: 0}
  - {x: 0, y: 0, z: 0, w: 0}
  - {x: 0, y: 0, z: 0, w: 0}
  - {x: 0, y: 0, z: 0, w: 0}
  - {x: 0, y: 0, z: 0, w: 0}
  - {x: 0, y: 0, z: 0, w: 0}
  - {x: 0, y: 0, z: 0, w: 0}
  - {x: 0, y: 0, z: 0, w: 0}
  - {x: 0, y: 0, z: 0, w: 0}
  - {x: 0, y: 0, z: 0, w: 0}
  - {x: 0, y: 0, z: 0, w: 0}
  - {x: 0, y: 0, z: 0, w: 0}
  - {x: 0, y: 0, z: 0, w: 0}
  - {x: 0, y: 0, z: 0, w: 0}
  - {x: 0, y: 0, z: 0, w: 0}
  - {x: 0, y: 0, z: 0, w: 0}
  - {x: 0, y: 0, z: 0, w: 0}
  - {x: 0, y: 0, z: 0, w: 0}
  - {x: 0, y: 0, z: 0, w: 0}
  - {x: 0, y: 0, z: 0, w: 0}
  - {x: 0, y: 0, z: 0, w: 0}
  - {x: 0, y: 0, z: 0, w: 0}
  - {x: 0, y: 0, z: 0, w: 0}
  - {x: 0, y: 0, z: 0, w: 0}
  - {x: 0, y: 0, z: 0, w: 0}
  - {x: 0, y: 0, z: 0, w: 0}
  - {x: 0, y: 0, z: 0, w: 0}
  - {x: 0, y: 0, z: 0, w: 0}
  - {x: 0, y: 0, z: 0, w: 0}
  - {x: 0, y: 0, z: 0, w: 0}
  - {x: 0, y: 0, z: 0, w: 0}
  - {x: 0, y: 0, z: 0, w: 0}
  - {x: 0, y: 0, z: 0, w: 0}
  - {x: 0, y: 0, z: 0, w: 0}
  - {x: 0, y: 0, z: 0, w: 0}
  - {x: 0, y: 0, z: 0, w: 0}
  - {x: 0, y: 0, z: 0, w: 0}
  - {x: 0, y: 0, z: 0, w: 0}
  - {x: 0, y: 0, z: 0, w: 0}
  - {x: 0, y: 0, z: 0, w: 0}
  - {x: 0, y: 0, z: 0, w: 0}
  - {x: 0, y: 0, z: 0, w: 0}
  - {x: 0, y: 0, z: 0, w: 0}
  - {x: 0, y: 0, z: 0, w: 0}
  - {x: 0, y: 0, z: 0, w: 0}
  - {x: 0, y: 0, z: 0, w: 0}
  - {x: 0, y: 0, z: 0, w: 0}
  - {x: 0, y: 0, z: 0, w: 0}
  - {x: 0, y: 0, z: 0, w: 0}
  - {x: 0, y: 0, z: 0, w: 0}
  - {x: 0, y: 0, z: 0, w: 0}
  - {x: 0, y: 0, z: 0, w: 0}
  - {x: 0, y: 0, z: 0, w: 0}
  - {x: 0, y: 0, z: 0, w: 0}
  - {x: 0, y: 0, z: 0, w: 0}
  - {x: 0, y: 0, z: 0, w: 0}
  - {x: 0, y: 0, z: 0, w: 0}
  - {x: 0, y: 0, z: 0, w: 0}
  - {x: 0, y: 0, z: 0, w: 0}
  - {x: 0, y: 0, z: 0, w: 0}
  - {x: 0, y: 0, z: 0, w: 0}
  - {x: 0, y: 0, z: 0, w: 0}
  - {x: 0, y: 0, z: 0, w: 0}
  - {x: 0, y: 0, z: 0, w: 0}
  - {x: 0, y: 0, z: 0, w: 0}
  - {x: 0, y: 0, z: 0, w: 0}
  - {x: 0, y: 0, z: 0, w: 0}
  - {x: 0, y: 0, z: 0, w: 0}
  - {x: 0, y: 0, z: 0, w: 0}
  - {x: 0, y: 0, z: 0, w: 0}
  - {x: 0, y: 0, z: 0, w: 0}
  - {x: 0, y: 0, z: 0, w: 0}
  - {x: 0, y: 0, z: 0, w: 0}
  - {x: 0, y: 0, z: 0, w: 0}
  - {x: 0, y: 0, z: 0, w: 0}
  - {x: 0, y: 0, z: 0, w: 0}
  - {x: 0, y: 0, z: 0, w: 0}
  - {x: 0, y: 0, z: 0, w: 0}
  - {x: 0, y: 0, z: 0, w: 0}
  - {x: 0, y: 0, z: 0, w: 0}
  - {x: 0, y: 0, z: 0, w: 0}
  - {x: 0, y: 0, z: 0, w: 0}
  - {x: 0, y: 0, z: 0, w: 0}
  - {x: 0, y: 0, z: 0, w: 0}
  - {x: 0, y: 0, z: 0, w: 0}
  - {x: 0, y: 0, z: 0, w: 0}
  - {x: 0, y: 0, z: 0, w: 0}
  - {x: 0, y: 0, z: 0, w: 0}
  - {x: 0, y: 0, z: 0, w: 0}
  - {x: 0, y: 0, z: 0, w: 0}
  - {x: 0, y: 0, z: 0, w: 0}
  - {x: 0, y: 0, z: 0, w: 0}
  - {x: 0, y: 0, z: 0, w: 0}
  - {x: 0, y: 0, z: 0, w: 0}
  - {x: 0, y: 0, z: 0, w: 0}
  _tangents: []
  _sharedIndicesUV: []
  _colors:
  - {r: 1, g: 1, b: 1, a: 1}
  - {r: 1, g: 1, b: 1, a: 1}
  - {r: 1, g: 1, b: 1, a: 1}
  - {r: 1, g: 1, b: 1, a: 1}
  - {r: 1, g: 1, b: 1, a: 1}
  - {r: 1, g: 1, b: 1, a: 1}
  - {r: 1, g: 1, b: 1, a: 1}
  - {r: 1, g: 1, b: 1, a: 1}
  - {r: 1, g: 1, b: 1, a: 1}
  - {r: 1, g: 1, b: 1, a: 1}
  - {r: 1, g: 1, b: 1, a: 1}
  - {r: 1, g: 1, b: 1, a: 1}
  - {r: 1, g: 1, b: 1, a: 1}
  - {r: 1, g: 1, b: 1, a: 1}
  - {r: 1, g: 1, b: 1, a: 1}
  - {r: 1, g: 1, b: 1, a: 1}
  - {r: 1, g: 1, b: 1, a: 1}
  - {r: 1, g: 1, b: 1, a: 1}
  - {r: 1, g: 1, b: 1, a: 1}
  - {r: 1, g: 1, b: 1, a: 1}
  - {r: 1, g: 1, b: 1, a: 1}
  - {r: 1, g: 1, b: 1, a: 1}
  - {r: 1, g: 1, b: 1, a: 1}
  - {r: 1, g: 1, b: 1, a: 1}
  - {r: 1, g: 1, b: 1, a: 1}
  - {r: 1, g: 1, b: 1, a: 1}
  - {r: 1, g: 1, b: 1, a: 1}
  - {r: 1, g: 1, b: 1, a: 1}
  - {r: 1, g: 1, b: 1, a: 1}
  - {r: 1, g: 1, b: 1, a: 1}
  - {r: 1, g: 1, b: 1, a: 1}
  - {r: 1, g: 1, b: 1, a: 1}
  - {r: 1, g: 1, b: 1, a: 1}
  - {r: 1, g: 1, b: 1, a: 1}
  - {r: 1, g: 1, b: 1, a: 1}
  - {r: 1, g: 1, b: 1, a: 1}
  - {r: 1, g: 1, b: 1, a: 1}
  - {r: 1, g: 1, b: 1, a: 1}
  - {r: 1, g: 1, b: 1, a: 1}
  - {r: 1, g: 1, b: 1, a: 1}
  - {r: 1, g: 1, b: 1, a: 1}
  - {r: 1, g: 1, b: 1, a: 1}
  - {r: 1, g: 1, b: 1, a: 1}
  - {r: 1, g: 1, b: 1, a: 1}
  - {r: 1, g: 1, b: 1, a: 1}
  - {r: 1, g: 1, b: 1, a: 1}
  - {r: 1, g: 1, b: 1, a: 1}
  - {r: 1, g: 1, b: 1, a: 1}
  - {r: 1, g: 1, b: 1, a: 1}
  - {r: 1, g: 1, b: 1, a: 1}
  - {r: 1, g: 1, b: 1, a: 1}
  - {r: 1, g: 1, b: 1, a: 1}
  - {r: 1, g: 1, b: 1, a: 1}
  - {r: 1, g: 1, b: 1, a: 1}
  - {r: 1, g: 1, b: 1, a: 1}
  - {r: 1, g: 1, b: 1, a: 1}
  - {r: 1, g: 1, b: 1, a: 1}
  - {r: 1, g: 1, b: 1, a: 1}
  - {r: 1, g: 1, b: 1, a: 1}
  - {r: 1, g: 1, b: 1, a: 1}
  - {r: 1, g: 1, b: 1, a: 1}
  - {r: 1, g: 1, b: 1, a: 1}
  - {r: 1, g: 1, b: 1, a: 1}
  - {r: 1, g: 1, b: 1, a: 1}
  - {r: 1, g: 1, b: 1, a: 1}
  - {r: 1, g: 1, b: 1, a: 1}
  - {r: 1, g: 1, b: 1, a: 1}
  - {r: 1, g: 1, b: 1, a: 1}
  - {r: 1, g: 1, b: 1, a: 1}
  - {r: 1, g: 1, b: 1, a: 1}
  - {r: 1, g: 1, b: 1, a: 1}
  - {r: 1, g: 1, b: 1, a: 1}
  - {r: 1, g: 1, b: 1, a: 1}
  - {r: 1, g: 1, b: 1, a: 1}
  - {r: 1, g: 1, b: 1, a: 1}
  - {r: 1, g: 1, b: 1, a: 1}
  - {r: 1, g: 1, b: 1, a: 1}
  - {r: 1, g: 1, b: 1, a: 1}
  - {r: 1, g: 1, b: 1, a: 1}
  - {r: 1, g: 1, b: 1, a: 1}
  - {r: 1, g: 1, b: 1, a: 1}
  - {r: 1, g: 1, b: 1, a: 1}
  - {r: 1, g: 1, b: 1, a: 1}
  - {r: 1, g: 1, b: 1, a: 1}
  - {r: 1, g: 1, b: 1, a: 1}
  - {r: 1, g: 1, b: 1, a: 1}
  - {r: 1, g: 1, b: 1, a: 1}
  - {r: 1, g: 1, b: 1, a: 1}
  - {r: 1, g: 1, b: 1, a: 1}
  - {r: 1, g: 1, b: 1, a: 1}
  - {r: 1, g: 1, b: 1, a: 1}
  - {r: 1, g: 1, b: 1, a: 1}
  - {r: 1, g: 1, b: 1, a: 1}
  - {r: 1, g: 1, b: 1, a: 1}
  - {r: 1, g: 1, b: 1, a: 1}
  - {r: 1, g: 1, b: 1, a: 1}
  - {r: 1, g: 1, b: 1, a: 1}
  - {r: 1, g: 1, b: 1, a: 1}
  - {r: 1, g: 1, b: 1, a: 1}
  - {r: 1, g: 1, b: 1, a: 1}
  - {r: 1, g: 1, b: 1, a: 1}
  - {r: 1, g: 1, b: 1, a: 1}
  - {r: 1, g: 1, b: 1, a: 1}
  - {r: 1, g: 1, b: 1, a: 1}
  - {r: 1, g: 1, b: 1, a: 1}
  - {r: 1, g: 1, b: 1, a: 1}
  - {r: 1, g: 1, b: 1, a: 1}
  - {r: 1, g: 1, b: 1, a: 1}
  userCollisions: 0
  isSelectable: 1
  unwrapParameters:
    hardAngle: 88
    packMargin: 4
    angleError: 8
    areaError: 15
  asset_guid: 
  dontDestroyMeshOnDelete: 0
  m_selectedFaces: 
  m_SelectedEdges: []
  m_selectedTriangles: 
--- !u!114 &114394720432975586
MonoBehaviour:
  m_ObjectHideFlags: 1
  m_PrefabParentObject: {fileID: 0}
  m_PrefabInternal: {fileID: 100100000}
  m_GameObject: {fileID: 1963487649752878}
  m_Enabled: 1
  m_EditorHideFlags: 0
  m_Script: {fileID: 16342205, guid: 0472bdc8d6d15384d98f22ee34302f9c, type: 3}
  m_Name: 
  m_EditorClassIdentifier: 
  _entityType: 0
--- !u!114 &114590414716864382
MonoBehaviour:
  m_ObjectHideFlags: 1
  m_PrefabParentObject: {fileID: 0}
  m_PrefabInternal: {fileID: 100100000}
  m_GameObject: {fileID: 1598541993944012}
  m_Enabled: 1
  m_EditorHideFlags: 0
  m_Script: {fileID: 1227815207, guid: 0472bdc8d6d15384d98f22ee34302f9c, type: 3}
  m_Name: 
  m_EditorClassIdentifier: 
  points:
  - {x: 0.1, y: 0, z: -0.7}
  - {x: 0.1, y: 0, z: -1.0500001}
  - {x: 1, y: 0, z: -1.1}
  - {x: 1.0500001, y: 0, z: -0.75}
  - {x: 1.5500001, y: 0, z: 0.2}
  - {x: 1.2, y: 0, z: 0.3}
  - {x: 0.90000004, y: 0, z: -0.3}
  - {x: 0.75, y: 0, z: -0.2}
  - {x: 0.8, y: 0, z: 0.45000002}
  - {x: 0.5, y: 0, z: 0.5}
  - {x: 0.45000002, y: 0, z: -0.1}
  - {x: 0.3, y: 0, z: -0.15}
  - {x: 0.1, y: 0, z: 0.35}
  - {x: -0.2, y: 0, z: 0.25}
  - {x: 0.05, y: 0, z: -0.2}
  - {x: 0.05, y: 0, z: -0.45000002}
  - {x: -0.35, y: 0, z: -0.45000002}
  - {x: -0.25, y: 0, z: -0.6}
  extrude: 0.35
  polyEditMode: 0
  flipNormals: 0
  isOnGrid: 1
--- !u!114 &114625632904188012
MonoBehaviour:
  m_ObjectHideFlags: 1
  m_PrefabParentObject: {fileID: 0}
  m_PrefabInternal: {fileID: 100100000}
  m_GameObject: {fileID: 1598541993944012}
  m_Enabled: 1
  m_EditorHideFlags: 0
  m_Script: {fileID: 16342205, guid: 0472bdc8d6d15384d98f22ee34302f9c, type: 3}
  m_Name: 
  m_EditorClassIdentifier: 
  _entityType: 0
--- !u!114 &114920667054418924
MonoBehaviour:
  m_ObjectHideFlags: 1
  m_PrefabParentObject: {fileID: 0}
  m_PrefabInternal: {fileID: 100100000}
  m_GameObject: {fileID: 1963487649752878}
  m_Enabled: 1
  m_EditorHideFlags: 0
  m_Script: {fileID: 185759285, guid: 0472bdc8d6d15384d98f22ee34302f9c, type: 3}
  m_Name: 
  m_EditorClassIdentifier: 
  _quads:
  - _indices: 10000000110000000f0000000f0000001100000000000000070000000f00000000000000000000000600000007000000060000000000000003000000000000000200000003000000000000000100000002000000060000000300000004000000050000000600000004000000070000000b0000000f0000000f0000000b0000000e0000000c0000000e0000000b0000000d0000000e0000000c0000000a0000000b000000070000000a000000070000000800000008000000090000000a000000
    _distinctIndices: 10000000110000000f00000000000000070000000600000003000000020000000100000004000000050000000b0000000e0000000c0000000d0000000a0000000800000009000000
    _edges:
    - x: 16
      y: 17
    - x: 15
      y: 16
    - x: 17
      y: 0
    - x: 6
      y: 7
    - x: 2
      y: 3
    - x: 0
      y: 1
    - x: 1
      y: 2
    - x: 3
      y: 4
    - x: 5
      y: 6
    - x: 4
      y: 5
    - x: 14
      y: 15
    - x: 11
      y: 12
    - x: 13
      y: 14
    - x: 12
      y: 13
    - x: 10
      y: 11
    - x: 7
      y: 8
    - x: 8
      y: 9
    - x: 9
      y: 10
    _smoothingGroup: 0
    _uv:
      useWorldSpace: 0
      flipU: 0
      flipV: 0
      swapUV: 0
      fill: 1
      scale: {x: 1, y: 1}
      offset: {x: 0, y: 0}
      rotation: 0
      justify: 0
      localPivot: {x: -0.6, y: -0.3}
      localSize: {x: 0, y: 0}
      anchor: 9
    _mat: {fileID: 2100000, guid: 55296d1b6ee54e14e8eb4648d4b448ee, type: 2}
    manualUV: 0
    elementGroup: 0
    textureGroup: -1
  - _indices: 210000002300000022000000220000001600000021000000160000001d000000210000001f0000001e000000200000001d0000001e0000001f0000001e0000001d00000014000000140000001d000000160000001b000000170000001c0000001b0000001800000017000000190000001a00000015000000180000001900000015000000180000001500000017000000160000001700000015000000150000001400000016000000150000001300000014000000140000001300000012000000
    _distinctIndices: 210000002300000022000000160000001d0000001f0000001e00000020000000140000001b000000170000001c00000018000000190000001a000000150000001300000012000000
    _edges:
    - x: 33
      y: 35
    - x: 35
      y: 34
    - x: 34
      y: 22
    - x: 29
      y: 33
    - x: 30
      y: 32
    - x: 32
      y: 31
    - x: 31
      y: 29
    - x: 20
      y: 30
    - x: 23
      y: 28
    - x: 28
      y: 27
    - x: 27
      y: 24
    - x: 25
      y: 26
    - x: 26
      y: 21
    - x: 24
      y: 25
    - x: 22
      y: 23
    - x: 21
      y: 19
    - x: 19
      y: 18
    - x: 18
      y: 20
    _smoothingGroup: 0
    _uv:
      useWorldSpace: 0
      flipU: 0
      flipV: 0
      swapUV: 0
      fill: 1
      scale: {x: 1, y: 1}
      offset: {x: 0, y: 0}
      rotation: 0
      justify: 0
      localPivot: {x: 0.6, y: -0.3}
      localSize: {x: 0, y: 0}
      anchor: 9
    _mat: {fileID: 2100000, guid: 55296d1b6ee54e14e8eb4648d4b448ee, type: 2}
    manualUV: 0
    elementGroup: 0
    textureGroup: -1
  - _indices: 240000002500000026000000250000002700000026000000
    _distinctIndices: 24000000250000002600000027000000
    _edges:
    - x: 36
      y: 37
    - x: 38
      y: 36
    - x: 37
      y: 39
    - x: 39
      y: 38
    _smoothingGroup: 0
    _uv:
      useWorldSpace: 0
      flipU: 0
      flipV: 0
      swapUV: 0
      fill: 1
      scale: {x: 1, y: 1}
      offset: {x: 0, y: 0}
      rotation: 0
      justify: 0
      localPivot: {x: -0.23875575, y: 0.175}
      localSize: {x: 0, y: 0}
      anchor: 9
    _mat: {fileID: 2100000, guid: 55296d1b6ee54e14e8eb4648d4b448ee, type: 2}
    manualUV: 0
    elementGroup: -1
    textureGroup: -1
  - _indices: 28000000290000002a000000290000002b0000002a000000
    _distinctIndices: 28000000290000002a0000002b000000
    _edges:
    - x: 40
      y: 41
    - x: 42
      y: 40
    - x: 41
      y: 43
    - x: 43
      y: 42
    _smoothingGroup: 0
    _uv:
      useWorldSpace: 0
      flipU: 0
      flipV: 0
      swapUV: 0
      fill: 1
      scale: {x: 1, y: 1}
      offset: {x: 0, y: 0}
      rotation: 0
      justify: 0
      localPivot: {x: -0.5630666, y: 0.175}
      localSize: {x: 0, y: 0}
      anchor: 9
    _mat: {fileID: 2100000, guid: 55296d1b6ee54e14e8eb4648d4b448ee, type: 2}
    manualUV: 0
    elementGroup: -1
    textureGroup: -1
  - _indices: 2c0000002d0000002e0000002d0000002f0000002e000000
    _distinctIndices: 2c0000002d0000002e0000002f000000
    _edges:
    - x: 44
      y: 45
    - x: 46
      y: 44
    - x: 45
      y: 47
    - x: 47
      y: 46
    _smoothingGroup: 0
    _uv:
      useWorldSpace: 0
      flipU: 0
      flipV: 0
      swapUV: 0
      fill: 1
      scale: {x: 1, y: 1}
      offset: {x: 0, y: 0}
      rotation: 0
      justify: 0
      localPivot: {x: 0.18407163, y: 0.175}
      localSize: {x: 0, y: 0}
      anchor: 9
    _mat: {fileID: 2100000, guid: 55296d1b6ee54e14e8eb4648d4b448ee, type: 2}
    manualUV: 0
    elementGroup: -1
    textureGroup: -1
  - _indices: 300000003100000032000000310000003300000032000000
    _distinctIndices: 30000000310000003200000033000000
    _edges:
    - x: 48
      y: 49
    - x: 50
      y: 48
    - x: 49
      y: 51
    - x: 51
      y: 50
    _smoothingGroup: 0
    _uv:
      useWorldSpace: 0
      flipU: 0
      flipV: 0
      swapUV: 0
      fill: 1
      scale: {x: 1, y: 1}
      offset: {x: 0, y: 0}
      rotation: 0
      justify: 0
      localPivot: {x: -0.3162278, y: 0.175}
      localSize: {x: 0, y: 0}
      anchor: 9
    _mat: {fileID: 2100000, guid: 55296d1b6ee54e14e8eb4648d4b448ee, type: 2}
    manualUV: 0
    elementGroup: -1
    textureGroup: -1
  - _indices: 340000003500000036000000350000003700000036000000
    _distinctIndices: 34000000350000003600000037000000
    _edges:
    - x: 52
      y: 53
    - x: 54
      y: 52
    - x: 53
      y: 55
    - x: 55
      y: 54
    _smoothingGroup: 0
    _uv:
      useWorldSpace: 0
      flipU: 0
      flipV: 0
      swapUV: 0
      fill: 1
      scale: {x: 1, y: 1}
      offset: {x: 0, y: 0}
      rotation: 0
      justify: 0
      localPivot: {x: -0.05827716, y: 0.175}
      localSize: {x: 0, y: 0}
      anchor: 9
    _mat: {fileID: 2100000, guid: 55296d1b6ee54e14e8eb4648d4b448ee, type: 2}
    manualUV: 0
    elementGroup: -1
    textureGroup: -1
  - _indices: 38000000390000003a000000390000003b0000003a000000
    _distinctIndices: 38000000390000003a0000003b000000
    _edges:
    - x: 56
      y: 57
    - x: 58
      y: 56
    - x: 57
      y: 59
    - x: 59
      y: 58
    _smoothingGroup: 0
    _uv:
      useWorldSpace: 0
      flipU: 0
      flipV: 0
      swapUV: 0
      fill: 1
      scale: {x: 1, y: 1}
      offset: {x: 0, y: 0}
      rotation: 0
      justify: 0
      localPivot: {x: -0.04743415, y: 0.175}
      localSize: {x: 0, y: 0}
      anchor: 9
    _mat: {fileID: 2100000, guid: 55296d1b6ee54e14e8eb4648d4b448ee, type: 2}
    manualUV: 0
    elementGroup: -1
    textureGroup: -1
  - _indices: 3c0000003d0000003e0000003d0000003f0000003e000000
    _distinctIndices: 3c0000003d0000003e0000003f000000
    _edges:
    - x: 60
      y: 61
    - x: 62
      y: 60
    - x: 61
      y: 63
    - x: 63
      y: 62
    _smoothingGroup: 0
    _uv:
      useWorldSpace: 0
      flipU: 0
      flipV: 0
      swapUV: 0
      fill: 1
      scale: {x: 1, y: 1}
      offset: {x: 0, y: 0}
      rotation: 0
      justify: 0
      localPivot: {x: 0.018569514, y: 0.175}
      localSize: {x: 0, y: 0}
      anchor: 9
    _mat: {fileID: 2100000, guid: 55296d1b6ee54e14e8eb4648d4b448ee, type: 2}
    manualUV: 0
    elementGroup: -1
    textureGroup: -1
  - _indices: 400000004100000042000000410000004300000042000000
    _distinctIndices: 40000000410000004200000043000000
    _edges:
    - x: 64
      y: 65
    - x: 66
      y: 64
    - x: 65
      y: 67
    - x: 67
      y: 66
    _smoothingGroup: 0
    _uv:
      useWorldSpace: 0
      flipU: 0
      flipV: 0
      swapUV: 0
      fill: 1
      scale: {x: 1, y: 1}
      offset: {x: 0, y: 0}
      rotation: 0
      justify: 0
      localPivot: {x: 0.32500002, y: 0.175}
      localSize: {x: 0, y: 0}
      anchor: 9
    _mat: {fileID: 2100000, guid: 55296d1b6ee54e14e8eb4648d4b448ee, type: 2}
    manualUV: 0
    elementGroup: -1
    textureGroup: -1
  - _indices: 440000004500000046000000450000004700000046000000
    _distinctIndices: 44000000450000004600000047000000
    _edges:
    - x: 68
      y: 69
    - x: 70
      y: 68
    - x: 69
      y: 71
    - x: 71
      y: 70
    _smoothingGroup: 0
    _uv:
      useWorldSpace: 0
      flipU: 0
      flipV: 0
      swapUV: 0
      fill: 1
      scale: {x: 1, y: 1}
      offset: {x: 0, y: 0}
      rotation: 0
      justify: 0
      localPivot: {x: -0.4695743, y: 0.175}
      localSize: {x: 0, y: 0}
      anchor: 9
    _mat: {fileID: 2100000, guid: 55296d1b6ee54e14e8eb4648d4b448ee, type: 2}
    manualUV: 0
    elementGroup: -1
    textureGroup: -1
  - _indices: 48000000490000004a000000490000004b0000004a000000
    _distinctIndices: 48000000490000004a0000004b000000
    _edges:
    - x: 72
      y: 73
    - x: 74
      y: 72
    - x: 73
      y: 75
    - x: 75
      y: 74
    _smoothingGroup: 0
    _uv:
      useWorldSpace: 0
      flipU: 0
      flipV: 0
      swapUV: 0
      fill: 1
      scale: {x: 1, y: 1}
      offset: {x: 0, y: 0}
      rotation: 0
      justify: 0
      localPivot: {x: -1.2534152, y: 0.175}
      localSize: {x: 0, y: 0}
      anchor: 9
    _mat: {fileID: 2100000, guid: 55296d1b6ee54e14e8eb4648d4b448ee, type: 2}
    manualUV: 0
    elementGroup: -1
    textureGroup: -1
  - _indices: 4c0000004d0000004e0000004d0000004f0000004e000000
    _distinctIndices: 4c0000004d0000004e0000004f000000
    _edges:
    - x: 76
      y: 77
    - x: 78
      y: 76
    - x: 77
      y: 79
    - x: 79
      y: 78
    _smoothingGroup: 0
    _uv:
      useWorldSpace: 0
      flipU: 0
      flipV: 0
      swapUV: 0
      fill: 1
      scale: {x: 1, y: 1}
      offset: {x: 0, y: 0}
      rotation: 0
      justify: 0
      localPivot: {x: 0.36211792, y: 0.175}
      localSize: {x: 0, y: 0}
      anchor: 9
    _mat: {fileID: 2100000, guid: 55296d1b6ee54e14e8eb4648d4b448ee, type: 2}
    manualUV: 0
    elementGroup: -1
    textureGroup: -1
  - _indices: 500000005100000052000000510000005300000052000000
    _distinctIndices: 50000000510000005200000053000000
    _edges:
    - x: 80
      y: 81
    - x: 82
      y: 80
    - x: 81
      y: 83
    - x: 83
      y: 82
    _smoothingGroup: 0
    _uv:
      useWorldSpace: 0
      flipU: 0
      flipV: 0
      swapUV: 0
      fill: 1
      scale: {x: 1, y: 1}
      offset: {x: 0, y: 0}
      rotation: 0
      justify: 0
      localPivot: {x: 0.6087834, y: 0.175}
      localSize: {x: 0, y: 0}
      anchor: 9
    _mat: {fileID: 2100000, guid: 55296d1b6ee54e14e8eb4648d4b448ee, type: 2}
    manualUV: 0
    elementGroup: -1
    textureGroup: -1
  - _indices: 540000005500000056000000550000005700000056000000
    _distinctIndices: 54000000550000005600000057000000
    _edges:
    - x: 84
      y: 85
    - x: 86
      y: 84
    - x: 85
      y: 87
    - x: 87
      y: 86
    _smoothingGroup: 0
    _uv:
      useWorldSpace: 0
      flipU: 0
      flipV: 0
      swapUV: 0
      fill: 1
      scale: {x: 1, y: 1}
      offset: {x: 0, y: 0}
      rotation: 0
      justify: 0
      localPivot: {x: 0.875, y: 0.175}
      localSize: {x: 0, y: 0}
      anchor: 9
    _mat: {fileID: 2100000, guid: 55296d1b6ee54e14e8eb4648d4b448ee, type: 2}
    manualUV: 0
    elementGroup: -1
    textureGroup: -1
  - _indices: 58000000590000005a000000590000005b0000005a000000
    _distinctIndices: 58000000590000005a0000005b000000
    _edges:
    - x: 88
      y: 89
    - x: 90
      y: 88
    - x: 89
      y: 91
    - x: 91
      y: 90
    _smoothingGroup: 0
    _uv:
      useWorldSpace: 0
      flipU: 0
      flipV: 0
      swapUV: 0
      fill: 1
      scale: {x: 1, y: 1}
      offset: {x: 0, y: 0}
      rotation: 0
      justify: 0
      localPivot: {x: -0.7707462, y: 0.175}
      localSize: {x: 0, y: 0}
      anchor: 9
    _mat: {fileID: 2100000, guid: 55296d1b6ee54e14e8eb4648d4b448ee, type: 2}
    manualUV: 0
    elementGroup: -1
    textureGroup: -1
  - _indices: 5c0000005d0000005e0000005d0000005f0000005e000000
    _distinctIndices: 5c0000005d0000005e0000005f000000
    _edges:
    - x: 92
      y: 93
    - x: 94
      y: 92
    - x: 93
      y: 95
    - x: 95
      y: 94
    _smoothingGroup: 0
    _uv:
      useWorldSpace: 0
      flipU: 0
      flipV: 0
      swapUV: 0
      fill: 1
      scale: {x: 1, y: 1}
      offset: {x: 0, y: 0}
      rotation: 0
      justify: 0
      localPivot: {x: -0.8251166, y: 0.175}
      localSize: {x: 0, y: 0}
      anchor: 9
    _mat: {fileID: 2100000, guid: 55296d1b6ee54e14e8eb4648d4b448ee, type: 2}
    manualUV: 0
    elementGroup: -1
    textureGroup: -1
  - _indices: 600000006100000062000000610000006300000062000000
    _distinctIndices: 60000000610000006200000063000000
    _edges:
    - x: 96
      y: 97
    - x: 98
      y: 96
    - x: 97
      y: 99
    - x: 99
      y: 98
    _smoothingGroup: 0
    _uv:
      useWorldSpace: 0
      flipU: 0
      flipV: 0
      swapUV: 0
      fill: 1
      scale: {x: 1, y: 1}
      offset: {x: 0, y: 0}
      rotation: 0
      justify: 0
      localPivot: {x: 0.10645438, y: 0.175}
      localSize: {x: 0, y: 0}
      anchor: 9
    _mat: {fileID: 2100000, guid: 55296d1b6ee54e14e8eb4648d4b448ee, type: 2}
    manualUV: 0
    elementGroup: -1
    textureGroup: -1
  - _indices: 640000006500000066000000650000006700000066000000
    _distinctIndices: 64000000650000006600000067000000
    _edges:
    - x: 100
      y: 101
    - x: 102
      y: 100
    - x: 101
      y: 103
    - x: 103
      y: 102
    _smoothingGroup: 0
    _uv:
      useWorldSpace: 0
      flipU: 0
      flipV: 0
      swapUV: 0
      fill: 1
      scale: {x: 1, y: 1}
      offset: {x: 0, y: 0}
      rotation: 0
      justify: 0
      localPivot: {x: 0.27041638, y: 0.175}
      localSize: {x: 0, y: 0}
      anchor: 9
    _mat: {fileID: 2100000, guid: 55296d1b6ee54e14e8eb4648d4b448ee, type: 2}
    manualUV: 0
    elementGroup: -1
    textureGroup: -1
  - _indices: 68000000690000006a000000690000006b0000006a000000
    _distinctIndices: 68000000690000006a0000006b000000
    _edges:
    - x: 104
      y: 105
    - x: 106
      y: 104
    - x: 105
      y: 107
    - x: 107
      y: 106
    _smoothingGroup: 0
    _uv:
      useWorldSpace: 0
      flipU: 0
      flipV: 0
      swapUV: 0
      fill: 1
      scale: {x: 1, y: 1}
      offset: {x: 0, y: 0}
      rotation: 0
      justify: 0
      localPivot: {x: 0.14999999, y: 0.175}
      localSize: {x: 0, y: 0}
      anchor: 9
    _mat: {fileID: 2100000, guid: 55296d1b6ee54e14e8eb4648d4b448ee, type: 2}
    manualUV: 0
    elementGroup: -1
    textureGroup: -1
  _sharedIndices:
  - array: 000000005500000060000000
  - array: 150000005700000062000000
  - array: 010000005100000054000000
  - array: 1a0000005300000056000000
  - array: 020000005000000059000000
  - array: 19000000520000005b000000
  - array: 030000004d00000058000000
  - array: 180000004f0000005a000000
  - array: 04000000490000004c000000
  - array: 1b0000004b0000004e000000
  - array: 050000004500000048000000
  - array: 1c000000470000004a000000
  - array: 06000000440000005d000000
  - array: 17000000460000005f000000
  - array: 070000002d0000005c000000
  - array: 160000002f0000005e000000
  - array: 08000000290000002c000000
  - array: 220000002b0000002e000000
  - array: 090000002500000028000000
  - array: 23000000270000002a000000
  - array: 0a0000002400000031000000
  - array: 210000002600000033000000
  - array: 0b000000300000003d000000
  - array: 1d000000320000003f000000
  - array: 0c000000390000003c000000
  - array: 1f0000003b0000003e000000
  - array: 0d0000003500000038000000
  - array: 20000000370000003a000000
  - array: 0e0000003400000041000000
  - array: 1e0000003600000043000000
  - array: 0f0000004000000069000000
  - array: 14000000420000006b000000
  - array: 100000006500000068000000
  - array: 12000000670000006a000000
  - array: 110000006100000064000000
  - array: 130000006300000066000000
  _vertices:
  - {x: 0.1, y: 0, z: -0.7}
  - {x: 0.1, y: 0, z: -1.0500001}
  - {x: 1, y: 0, z: -1.1}
  - {x: 1.0500001, y: 0, z: -0.75}
  - {x: 1.5500001, y: 0, z: 0.2}
  - {x: 1.2, y: 0, z: 0.3}
  - {x: 0.90000004, y: 0, z: -0.3}
  - {x: 0.75, y: 0, z: -0.2}
  - {x: 0.8, y: 0, z: 0.45000002}
  - {x: 0.5, y: 0, z: 0.5}
  - {x: 0.45000002, y: 0, z: -0.1}
  - {x: 0.3, y: 0, z: -0.15}
  - {x: 0.1, y: 0, z: 0.35}
  - {x: -0.2, y: 0, z: 0.25}
  - {x: 0.05, y: 0, z: -0.2}
  - {x: 0.05, y: 0, z: -0.45000002}
  - {x: -0.35, y: 0, z: -0.45000002}
  - {x: -0.25, y: 0, z: -0.6}
  - {x: -0.35, y: 0.35, z: -0.45000002}
  - {x: -0.25, y: 0.35, z: -0.6}
  - {x: 0.05, y: 0.35, z: -0.45000002}
  - {x: 0.1, y: 0.35, z: -0.7}
  - {x: 0.75, y: 0.35, z: -0.2}
  - {x: 0.90000004, y: 0.35, z: -0.3}
  - {x: 1.0500001, y: 0.35, z: -0.75}
  - {x: 1, y: 0.35, z: -1.1}
  - {x: 0.1, y: 0.35, z: -1.0500001}
  - {x: 1.5500001, y: 0.35, z: 0.2}
  - {x: 1.2, y: 0.35, z: 0.3}
  - {x: 0.3, y: 0.35, z: -0.15}
  - {x: 0.05, y: 0.35, z: -0.2}
  - {x: 0.1, y: 0.35, z: 0.35}
  - {x: -0.2, y: 0.35, z: 0.25}
  - {x: 0.45000002, y: 0.35, z: -0.1}
  - {x: 0.8, y: 0.35, z: 0.45000002}
  - {x: 0.5, y: 0.35, z: 0.5}
  - {x: 0.45000002, y: 0, z: -0.1}
  - {x: 0.5, y: 0, z: 0.5}
  - {x: 0.45000002, y: 0.35, z: -0.1}
  - {x: 0.5, y: 0.35, z: 0.5}
  - {x: 0.5, y: 0, z: 0.5}
  - {x: 0.8, y: 0, z: 0.45000002}
  - {x: 0.5, y: 0.35, z: 0.5}
  - {x: 0.8, y: 0.35, z: 0.45000002}
  - {x: 0.8, y: 0, z: 0.45000002}
  - {x: 0.75, y: 0, z: -0.2}
  - {x: 0.8, y: 0.35, z: 0.45000002}
  - {x: 0.75, y: 0.35, z: -0.2}
  - {x: 0.3, y: 0, z: -0.15}
  - {x: 0.45000002, y: 0, z: -0.1}
  - {x: 0.3, y: 0.35, z: -0.15}
  - {x: 0.45000002, y: 0.35, z: -0.1}
  - {x: 0.05, y: 0, z: -0.2}
  - {x: -0.2, y: 0, z: 0.25}
  - {x: 0.05, y: 0.35, z: -0.2}
  - {x: -0.2, y: 0.35, z: 0.25}
  - {x: -0.2, y: 0, z: 0.25}
  - {x: 0.1, y: 0, z: 0.35}
  - {x: -0.2, y: 0.35, z: 0.25}
  - {x: 0.1, y: 0.35, z: 0.35}
  - {x: 0.1, y: 0, z: 0.35}
  - {x: 0.3, y: 0, z: -0.15}
  - {x: 0.1, y: 0.35, z: 0.35}
  - {x: 0.3, y: 0.35, z: -0.15}
  - {x: 0.05, y: 0, z: -0.45000002}
  - {x: 0.05, y: 0, z: -0.2}
  - {x: 0.05, y: 0.35, z: -0.45000002}
  - {x: 0.05, y: 0.35, z: -0.2}
  - {x: 0.90000004, y: 0, z: -0.3}
  - {x: 1.2, y: 0, z: 0.3}
  - {x: 0.90000004, y: 0.35, z: -0.3}
  - {x: 1.2, y: 0.35, z: 0.3}
  - {x: 1.2, y: 0, z: 0.3}
  - {x: 1.5500001, y: 0, z: 0.2}
  - {x: 1.2, y: 0.35, z: 0.3}
  - {x: 1.5500001, y: 0.35, z: 0.2}
  - {x: 1.5500001, y: 0, z: 0.2}
  - {x: 1.0500001, y: 0, z: -0.75}
  - {x: 1.5500001, y: 0.35, z: 0.2}
  - {x: 1.0500001, y: 0.35, z: -0.75}
  - {x: 1, y: 0, z: -1.1}
  - {x: 0.1, y: 0, z: -1.0500001}
  - {x: 1, y: 0.35, z: -1.1}
  - {x: 0.1, y: 0.35, z: -1.0500001}
  - {x: 0.1, y: 0, z: -1.0500001}
  - {x: 0.1, y: 0, z: -0.7}
  - {x: 0.1, y: 0.35, z: -1.0500001}
  - {x: 0.1, y: 0.35, z: -0.7}
  - {x: 1.0500001, y: 0, z: -0.75}
  - {x: 1, y: 0, z: -1.1}
  - {x: 1.0500001, y: 0.35, z: -0.75}
  - {x: 1, y: 0.35, z: -1.1}
  - {x: 0.75, y: 0, z: -0.2}
  - {x: 0.90000004, y: 0, z: -0.3}
  - {x: 0.75, y: 0.35, z: -0.2}
  - {x: 0.90000004, y: 0.35, z: -0.3}
  - {x: 0.1, y: 0, z: -0.7}
  - {x: -0.25, y: 0, z: -0.6}
  - {x: 0.1, y: 0.35, z: -0.7}
  - {x: -0.25, y: 0.35, z: -0.6}
  - {x: -0.25, y: 0, z: -0.6}
  - {x: -0.35, y: 0, z: -0.45000002}
  - {x: -0.25, y: 0.35, z: -0.6}
  - {x: -0.35, y: 0.35, z: -0.45000002}
  - {x: -0.35, y: 0, z: -0.45000002}
  - {x: 0.05, y: 0, z: -0.45000002}
  - {x: -0.35, y: 0.35, z: -0.45000002}
  - {x: 0.05, y: 0.35, z: -0.45000002}
  _uv:
  - {x: -0.1, y: -0.7}
  - {x: -0.1, y: -1.0500001}
  - {x: -1, y: -1.1}
  - {x: -1.0500001, y: -0.75}
  - {x: -1.5500001, y: 0.2}
  - {x: -1.2, y: 0.3}
  - {x: -0.90000004, y: -0.3}
  - {x: -0.75, y: -0.2}
  - {x: -0.8, y: 0.45000002}
  - {x: -0.5, y: 0.5}
  - {x: -0.45000002, y: -0.1}
  - {x: -0.3, y: -0.15}
  - {x: -0.1, y: 0.35}
  - {x: 0.2, y: 0.25}
  - {x: -0.05, y: -0.2}
  - {x: -0.05, y: -0.45000002}
  - {x: 0.35, y: -0.45000002}
  - {x: 0.25, y: -0.6}
  - {x: -0.35, y: -0.45000002}
  - {x: -0.25, y: -0.6}
  - {x: 0.05, y: -0.45000002}
  - {x: 0.1, y: -0.7}
  - {x: 0.75, y: -0.2}
  - {x: 0.90000004, y: -0.3}
  - {x: 1.0500001, y: -0.75}
  - {x: 1, y: -1.1}
  - {x: 0.1, y: -1.0500001}
  - {x: 1.5500001, y: 0.2}
  - {x: 1.2, y: 0.3}
  - {x: 0.3, y: -0.15}
  - {x: 0.05, y: -0.2}
  - {x: 0.1, y: 0.35}
  - {x: -0.2, y: 0.25}
  - {x: 0.45000002, y: -0.1}
  - {x: 0.8, y: 0.45000002}
  - {x: 0.5, y: 0.5}
  - {x: 0.06228413, y: 0}
  - {x: -0.53979564, y: 0}
  - {x: 0.06228413, y: 0.35}
  - {x: -0.53979564, y: 0.35}
  - {x: -0.4109975, y: 0}
  - {x: -0.71513563, y: 0}
  - {x: -0.4109975, y: 0.35}
  - {x: -0.71513563, y: 0.35}
  - {x: 0.51003176, y: 0}
  - {x: -0.14188851, y: 0}
  - {x: 0.51003176, y: 0.35}
  - {x: -0.14188851, y: 0.35}
  - {x: -0.23717083, y: 0}
  - {x: -0.39528474, y: 0}
  - {x: -0.23717083, y: 0.35}
  - {x: -0.39528474, y: 0.35}
  - {x: 0.1991136, y: 0}
  - {x: -0.31566793, y: 0}
  - {x: 0.1991136, y: 0.35}
  - {x: -0.31566793, y: 0.35}
  - {x: 0.11067973, y: 0}
  - {x: -0.20554803, y: 0}
  - {x: 0.11067973, y: 0.35}
  - {x: -0.20554803, y: 0.35}
  - {x: 0.28782776, y: 0}
  - {x: -0.25068873, y: 0}
  - {x: 0.28782776, y: 0.35}
  - {x: -0.25068873, y: 0.35}
  - {x: 0.45000002, y: 0}
  - {x: 0.2, y: 0}
  - {x: 0.45000002, y: 0.35}
  - {x: 0.2, y: 0.35}
  - {x: -0.13416408, y: 0}
  - {x: -0.8049845, y: 0}
  - {x: -0.13416408, y: 0.35}
  - {x: -0.8049845, y: 0.35}
  - {x: -1.0714124, y: 0}
  - {x: -1.435418, y: 0}
  - {x: -1.0714124, y: 0.35}
  - {x: -1.435418, y: 0.35}
  - {x: 0.8988907, y: 0}
  - {x: -0.17465484, y: 0}
  - {x: 0.8988907, y: 0.35}
  - {x: -0.17465484, y: 0.35}
  - {x: 1.0594773, y: 0}
  - {x: 0.1580895, y: 0}
  - {x: 1.0594773, y: 0.35}
  - {x: 0.1580895, y: 0.35}
  - {x: 1.0500001, y: 0}
  - {x: 0.7, y: 0}
  - {x: 1.0500001, y: 0.35}
  - {x: 0.7, y: 0.35}
  - {x: -0.59396946, y: 0}
  - {x: -0.9475229, y: 0}
  - {x: -0.59396946, y: 0.35}
  - {x: -0.9475229, y: 0.35}
  - {x: -0.7349778, y: 0}
  - {x: -0.91525537, y: 0}
  - {x: -0.7349778, y: 0.35}
  - {x: -0.91525537, y: 0.35}
  - {x: 0.28845713, y: 0}
  - {x: -0.075548366, y: 0}
  - {x: 0.28845713, y: 0.35}
  - {x: -0.075548366, y: 0.35}
  - {x: 0.36055517, y: 0}
  - {x: 0.18027762, y: 0}
  - {x: 0.36055517, y: 0.35}
  - {x: 0.18027762, y: 0.35}
  - {x: 0.35, y: 0}
  - {x: -0.05, y: 0}
  - {x: 0.35, y: 0.35}
  - {x: -0.05, y: 0.35}
  _uv3:
  - {x: 0, y: 0, z: 0, w: 0}
  - {x: 0, y: 0, z: 0, w: 0}
  - {x: 0, y: 0, z: 0, w: 0}
  - {x: 0, y: 0, z: 0, w: 0}
  - {x: 0, y: 0, z: 0, w: 0}
  - {x: 0, y: 0, z: 0, w: 0}
  - {x: 0, y: 0, z: 0, w: 0}
  - {x: 0, y: 0, z: 0, w: 0}
  - {x: 0, y: 0, z: 0, w: 0}
  - {x: 0, y: 0, z: 0, w: 0}
  - {x: 0, y: 0, z: 0, w: 0}
  - {x: 0, y: 0, z: 0, w: 0}
  - {x: 0, y: 0, z: 0, w: 0}
  - {x: 0, y: 0, z: 0, w: 0}
  - {x: 0, y: 0, z: 0, w: 0}
  - {x: 0, y: 0, z: 0, w: 0}
  - {x: 0, y: 0, z: 0, w: 0}
  - {x: 0, y: 0, z: 0, w: 0}
  - {x: 0, y: 0, z: 0, w: 0}
  - {x: 0, y: 0, z: 0, w: 0}
  - {x: 0, y: 0, z: 0, w: 0}
  - {x: 0, y: 0, z: 0, w: 0}
  - {x: 0, y: 0, z: 0, w: 0}
  - {x: 0, y: 0, z: 0, w: 0}
  - {x: 0, y: 0, z: 0, w: 0}
  - {x: 0, y: 0, z: 0, w: 0}
  - {x: 0, y: 0, z: 0, w: 0}
  - {x: 0, y: 0, z: 0, w: 0}
  - {x: 0, y: 0, z: 0, w: 0}
  - {x: 0, y: 0, z: 0, w: 0}
  - {x: 0, y: 0, z: 0, w: 0}
  - {x: 0, y: 0, z: 0, w: 0}
  - {x: 0, y: 0, z: 0, w: 0}
  - {x: 0, y: 0, z: 0, w: 0}
  - {x: 0, y: 0, z: 0, w: 0}
  - {x: 0, y: 0, z: 0, w: 0}
  - {x: 0, y: 0, z: 0, w: 0}
  - {x: 0, y: 0, z: 0, w: 0}
  - {x: 0, y: 0, z: 0, w: 0}
  - {x: 0, y: 0, z: 0, w: 0}
  - {x: 0, y: 0, z: 0, w: 0}
  - {x: 0, y: 0, z: 0, w: 0}
  - {x: 0, y: 0, z: 0, w: 0}
  - {x: 0, y: 0, z: 0, w: 0}
  - {x: 0, y: 0, z: 0, w: 0}
  - {x: 0, y: 0, z: 0, w: 0}
  - {x: 0, y: 0, z: 0, w: 0}
  - {x: 0, y: 0, z: 0, w: 0}
  - {x: 0, y: 0, z: 0, w: 0}
  - {x: 0, y: 0, z: 0, w: 0}
  - {x: 0, y: 0, z: 0, w: 0}
  - {x: 0, y: 0, z: 0, w: 0}
  - {x: 0, y: 0, z: 0, w: 0}
  - {x: 0, y: 0, z: 0, w: 0}
  - {x: 0, y: 0, z: 0, w: 0}
  - {x: 0, y: 0, z: 0, w: 0}
  - {x: 0, y: 0, z: 0, w: 0}
  - {x: 0, y: 0, z: 0, w: 0}
  - {x: 0, y: 0, z: 0, w: 0}
  - {x: 0, y: 0, z: 0, w: 0}
  - {x: 0, y: 0, z: 0, w: 0}
  - {x: 0, y: 0, z: 0, w: 0}
  - {x: 0, y: 0, z: 0, w: 0}
  - {x: 0, y: 0, z: 0, w: 0}
  - {x: 0, y: 0, z: 0, w: 0}
  - {x: 0, y: 0, z: 0, w: 0}
  - {x: 0, y: 0, z: 0, w: 0}
  - {x: 0, y: 0, z: 0, w: 0}
  - {x: 0, y: 0, z: 0, w: 0}
  - {x: 0, y: 0, z: 0, w: 0}
  - {x: 0, y: 0, z: 0, w: 0}
  - {x: 0, y: 0, z: 0, w: 0}
  - {x: 0, y: 0, z: 0, w: 0}
  - {x: 0, y: 0, z: 0, w: 0}
  - {x: 0, y: 0, z: 0, w: 0}
  - {x: 0, y: 0, z: 0, w: 0}
  - {x: 0, y: 0, z: 0, w: 0}
  - {x: 0, y: 0, z: 0, w: 0}
  - {x: 0, y: 0, z: 0, w: 0}
  - {x: 0, y: 0, z: 0, w: 0}
  - {x: 0, y: 0, z: 0, w: 0}
  - {x: 0, y: 0, z: 0, w: 0}
  - {x: 0, y: 0, z: 0, w: 0}
  - {x: 0, y: 0, z: 0, w: 0}
  - {x: 0, y: 0, z: 0, w: 0}
  - {x: 0, y: 0, z: 0, w: 0}
  - {x: 0, y: 0, z: 0, w: 0}
  - {x: 0, y: 0, z: 0, w: 0}
  - {x: 0, y: 0, z: 0, w: 0}
  - {x: 0, y: 0, z: 0, w: 0}
  - {x: 0, y: 0, z: 0, w: 0}
  - {x: 0, y: 0, z: 0, w: 0}
  - {x: 0, y: 0, z: 0, w: 0}
  - {x: 0, y: 0, z: 0, w: 0}
  - {x: 0, y: 0, z: 0, w: 0}
  - {x: 0, y: 0, z: 0, w: 0}
  - {x: 0, y: 0, z: 0, w: 0}
  - {x: 0, y: 0, z: 0, w: 0}
  - {x: 0, y: 0, z: 0, w: 0}
  - {x: 0, y: 0, z: 0, w: 0}
  - {x: 0, y: 0, z: 0, w: 0}
  - {x: 0, y: 0, z: 0, w: 0}
  - {x: 0, y: 0, z: 0, w: 0}
  - {x: 0, y: 0, z: 0, w: 0}
  - {x: 0, y: 0, z: 0, w: 0}
  - {x: 0, y: 0, z: 0, w: 0}
  - {x: 0, y: 0, z: 0, w: 0}
  - {x: 0, y: 0, z: 0, w: 0}
  _uv4:
  - {x: 0, y: 0, z: 0, w: 0}
  - {x: 0, y: 0, z: 0, w: 0}
  - {x: 0, y: 0, z: 0, w: 0}
  - {x: 0, y: 0, z: 0, w: 0}
  - {x: 0, y: 0, z: 0, w: 0}
  - {x: 0, y: 0, z: 0, w: 0}
  - {x: 0, y: 0, z: 0, w: 0}
  - {x: 0, y: 0, z: 0, w: 0}
  - {x: 0, y: 0, z: 0, w: 0}
  - {x: 0, y: 0, z: 0, w: 0}
  - {x: 0, y: 0, z: 0, w: 0}
  - {x: 0, y: 0, z: 0, w: 0}
  - {x: 0, y: 0, z: 0, w: 0}
  - {x: 0, y: 0, z: 0, w: 0}
  - {x: 0, y: 0, z: 0, w: 0}
  - {x: 0, y: 0, z: 0, w: 0}
  - {x: 0, y: 0, z: 0, w: 0}
  - {x: 0, y: 0, z: 0, w: 0}
  - {x: 0, y: 0, z: 0, w: 0}
  - {x: 0, y: 0, z: 0, w: 0}
  - {x: 0, y: 0, z: 0, w: 0}
  - {x: 0, y: 0, z: 0, w: 0}
  - {x: 0, y: 0, z: 0, w: 0}
  - {x: 0, y: 0, z: 0, w: 0}
  - {x: 0, y: 0, z: 0, w: 0}
  - {x: 0, y: 0, z: 0, w: 0}
  - {x: 0, y: 0, z: 0, w: 0}
  - {x: 0, y: 0, z: 0, w: 0}
  - {x: 0, y: 0, z: 0, w: 0}
  - {x: 0, y: 0, z: 0, w: 0}
  - {x: 0, y: 0, z: 0, w: 0}
  - {x: 0, y: 0, z: 0, w: 0}
  - {x: 0, y: 0, z: 0, w: 0}
  - {x: 0, y: 0, z: 0, w: 0}
  - {x: 0, y: 0, z: 0, w: 0}
  - {x: 0, y: 0, z: 0, w: 0}
  - {x: 0, y: 0, z: 0, w: 0}
  - {x: 0, y: 0, z: 0, w: 0}
  - {x: 0, y: 0, z: 0, w: 0}
  - {x: 0, y: 0, z: 0, w: 0}
  - {x: 0, y: 0, z: 0, w: 0}
  - {x: 0, y: 0, z: 0, w: 0}
  - {x: 0, y: 0, z: 0, w: 0}
  - {x: 0, y: 0, z: 0, w: 0}
  - {x: 0, y: 0, z: 0, w: 0}
  - {x: 0, y: 0, z: 0, w: 0}
  - {x: 0, y: 0, z: 0, w: 0}
  - {x: 0, y: 0, z: 0, w: 0}
  - {x: 0, y: 0, z: 0, w: 0}
  - {x: 0, y: 0, z: 0, w: 0}
  - {x: 0, y: 0, z: 0, w: 0}
  - {x: 0, y: 0, z: 0, w: 0}
  - {x: 0, y: 0, z: 0, w: 0}
  - {x: 0, y: 0, z: 0, w: 0}
  - {x: 0, y: 0, z: 0, w: 0}
  - {x: 0, y: 0, z: 0, w: 0}
  - {x: 0, y: 0, z: 0, w: 0}
  - {x: 0, y: 0, z: 0, w: 0}
  - {x: 0, y: 0, z: 0, w: 0}
  - {x: 0, y: 0, z: 0, w: 0}
  - {x: 0, y: 0, z: 0, w: 0}
  - {x: 0, y: 0, z: 0, w: 0}
  - {x: 0, y: 0, z: 0, w: 0}
  - {x: 0, y: 0, z: 0, w: 0}
  - {x: 0, y: 0, z: 0, w: 0}
  - {x: 0, y: 0, z: 0, w: 0}
  - {x: 0, y: 0, z: 0, w: 0}
  - {x: 0, y: 0, z: 0, w: 0}
  - {x: 0, y: 0, z: 0, w: 0}
  - {x: 0, y: 0, z: 0, w: 0}
  - {x: 0, y: 0, z: 0, w: 0}
  - {x: 0, y: 0, z: 0, w: 0}
  - {x: 0, y: 0, z: 0, w: 0}
  - {x: 0, y: 0, z: 0, w: 0}
  - {x: 0, y: 0, z: 0, w: 0}
  - {x: 0, y: 0, z: 0, w: 0}
  - {x: 0, y: 0, z: 0, w: 0}
  - {x: 0, y: 0, z: 0, w: 0}
  - {x: 0, y: 0, z: 0, w: 0}
  - {x: 0, y: 0, z: 0, w: 0}
  - {x: 0, y: 0, z: 0, w: 0}
  - {x: 0, y: 0, z: 0, w: 0}
  - {x: 0, y: 0, z: 0, w: 0}
  - {x: 0, y: 0, z: 0, w: 0}
  - {x: 0, y: 0, z: 0, w: 0}
  - {x: 0, y: 0, z: 0, w: 0}
  - {x: 0, y: 0, z: 0, w: 0}
  - {x: 0, y: 0, z: 0, w: 0}
  - {x: 0, y: 0, z: 0, w: 0}
  - {x: 0, y: 0, z: 0, w: 0}
  - {x: 0, y: 0, z: 0, w: 0}
  - {x: 0, y: 0, z: 0, w: 0}
  - {x: 0, y: 0, z: 0, w: 0}
  - {x: 0, y: 0, z: 0, w: 0}
  - {x: 0, y: 0, z: 0, w: 0}
  - {x: 0, y: 0, z: 0, w: 0}
  - {x: 0, y: 0, z: 0, w: 0}
  - {x: 0, y: 0, z: 0, w: 0}
  - {x: 0, y: 0, z: 0, w: 0}
  - {x: 0, y: 0, z: 0, w: 0}
  - {x: 0, y: 0, z: 0, w: 0}
  - {x: 0, y: 0, z: 0, w: 0}
  - {x: 0, y: 0, z: 0, w: 0}
  - {x: 0, y: 0, z: 0, w: 0}
  - {x: 0, y: 0, z: 0, w: 0}
  - {x: 0, y: 0, z: 0, w: 0}
  - {x: 0, y: 0, z: 0, w: 0}
  - {x: 0, y: 0, z: 0, w: 0}
  _tangents: []
  _sharedIndicesUV: []
  _colors:
  - {r: 1, g: 1, b: 1, a: 1}
  - {r: 1, g: 1, b: 1, a: 1}
  - {r: 1, g: 1, b: 1, a: 1}
  - {r: 1, g: 1, b: 1, a: 1}
  - {r: 1, g: 1, b: 1, a: 1}
  - {r: 1, g: 1, b: 1, a: 1}
  - {r: 1, g: 1, b: 1, a: 1}
  - {r: 1, g: 1, b: 1, a: 1}
  - {r: 1, g: 1, b: 1, a: 1}
  - {r: 1, g: 1, b: 1, a: 1}
  - {r: 1, g: 1, b: 1, a: 1}
  - {r: 1, g: 1, b: 1, a: 1}
  - {r: 1, g: 1, b: 1, a: 1}
  - {r: 1, g: 1, b: 1, a: 1}
  - {r: 1, g: 1, b: 1, a: 1}
  - {r: 1, g: 1, b: 1, a: 1}
  - {r: 1, g: 1, b: 1, a: 1}
  - {r: 1, g: 1, b: 1, a: 1}
  - {r: 1, g: 1, b: 1, a: 1}
  - {r: 1, g: 1, b: 1, a: 1}
  - {r: 1, g: 1, b: 1, a: 1}
  - {r: 1, g: 1, b: 1, a: 1}
  - {r: 1, g: 1, b: 1, a: 1}
  - {r: 1, g: 1, b: 1, a: 1}
  - {r: 1, g: 1, b: 1, a: 1}
  - {r: 1, g: 1, b: 1, a: 1}
  - {r: 1, g: 1, b: 1, a: 1}
  - {r: 1, g: 1, b: 1, a: 1}
  - {r: 1, g: 1, b: 1, a: 1}
  - {r: 1, g: 1, b: 1, a: 1}
  - {r: 1, g: 1, b: 1, a: 1}
  - {r: 1, g: 1, b: 1, a: 1}
  - {r: 1, g: 1, b: 1, a: 1}
  - {r: 1, g: 1, b: 1, a: 1}
  - {r: 1, g: 1, b: 1, a: 1}
  - {r: 1, g: 1, b: 1, a: 1}
  - {r: 1, g: 1, b: 1, a: 1}
  - {r: 1, g: 1, b: 1, a: 1}
  - {r: 1, g: 1, b: 1, a: 1}
  - {r: 1, g: 1, b: 1, a: 1}
  - {r: 1, g: 1, b: 1, a: 1}
  - {r: 1, g: 1, b: 1, a: 1}
  - {r: 1, g: 1, b: 1, a: 1}
  - {r: 1, g: 1, b: 1, a: 1}
  - {r: 1, g: 1, b: 1, a: 1}
  - {r: 1, g: 1, b: 1, a: 1}
  - {r: 1, g: 1, b: 1, a: 1}
  - {r: 1, g: 1, b: 1, a: 1}
  - {r: 1, g: 1, b: 1, a: 1}
  - {r: 1, g: 1, b: 1, a: 1}
  - {r: 1, g: 1, b: 1, a: 1}
  - {r: 1, g: 1, b: 1, a: 1}
  - {r: 1, g: 1, b: 1, a: 1}
  - {r: 1, g: 1, b: 1, a: 1}
  - {r: 1, g: 1, b: 1, a: 1}
  - {r: 1, g: 1, b: 1, a: 1}
  - {r: 1, g: 1, b: 1, a: 1}
  - {r: 1, g: 1, b: 1, a: 1}
  - {r: 1, g: 1, b: 1, a: 1}
  - {r: 1, g: 1, b: 1, a: 1}
  - {r: 1, g: 1, b: 1, a: 1}
  - {r: 1, g: 1, b: 1, a: 1}
  - {r: 1, g: 1, b: 1, a: 1}
  - {r: 1, g: 1, b: 1, a: 1}
  - {r: 1, g: 1, b: 1, a: 1}
  - {r: 1, g: 1, b: 1, a: 1}
  - {r: 1, g: 1, b: 1, a: 1}
  - {r: 1, g: 1, b: 1, a: 1}
  - {r: 1, g: 1, b: 1, a: 1}
  - {r: 1, g: 1, b: 1, a: 1}
  - {r: 1, g: 1, b: 1, a: 1}
  - {r: 1, g: 1, b: 1, a: 1}
  - {r: 1, g: 1, b: 1, a: 1}
  - {r: 1, g: 1, b: 1, a: 1}
  - {r: 1, g: 1, b: 1, a: 1}
  - {r: 1, g: 1, b: 1, a: 1}
  - {r: 1, g: 1, b: 1, a: 1}
  - {r: 1, g: 1, b: 1, a: 1}
  - {r: 1, g: 1, b: 1, a: 1}
  - {r: 1, g: 1, b: 1, a: 1}
  - {r: 1, g: 1, b: 1, a: 1}
  - {r: 1, g: 1, b: 1, a: 1}
  - {r: 1, g: 1, b: 1, a: 1}
  - {r: 1, g: 1, b: 1, a: 1}
  - {r: 1, g: 1, b: 1, a: 1}
  - {r: 1, g: 1, b: 1, a: 1}
  - {r: 1, g: 1, b: 1, a: 1}
  - {r: 1, g: 1, b: 1, a: 1}
  - {r: 1, g: 1, b: 1, a: 1}
  - {r: 1, g: 1, b: 1, a: 1}
  - {r: 1, g: 1, b: 1, a: 1}
  - {r: 1, g: 1, b: 1, a: 1}
  - {r: 1, g: 1, b: 1, a: 1}
  - {r: 1, g: 1, b: 1, a: 1}
  - {r: 1, g: 1, b: 1, a: 1}
  - {r: 1, g: 1, b: 1, a: 1}
  - {r: 1, g: 1, b: 1, a: 1}
  - {r: 1, g: 1, b: 1, a: 1}
  - {r: 1, g: 1, b: 1, a: 1}
  - {r: 1, g: 1, b: 1, a: 1}
  - {r: 1, g: 1, b: 1, a: 1}
  - {r: 1, g: 1, b: 1, a: 1}
  - {r: 1, g: 1, b: 1, a: 1}
  - {r: 1, g: 1, b: 1, a: 1}
  - {r: 1, g: 1, b: 1, a: 1}
  - {r: 1, g: 1, b: 1, a: 1}
  - {r: 1, g: 1, b: 1, a: 1}
  - {r: 1, g: 1, b: 1, a: 1}
  userCollisions: 0
  isSelectable: 1
  unwrapParameters:
    hardAngle: 88
    packMargin: 4
    angleError: 8
    areaError: 15
  asset_guid: 
  dontDestroyMeshOnDelete: 0
  m_selectedFaces: 
  m_SelectedEdges: []
  m_selectedTriangles: 
