%YAML 1.1
%TAG !u! tag:unity3d.com,2011:
--- !u!1001 &100100000
Prefab:
  m_ObjectHideFlags: 1
  serializedVersion: 2
  m_Modification:
    m_TransformParent: {fileID: 0}
    m_Modifications: []
    m_RemovedComponents: []
  m_ParentPrefab: {fileID: 0}
  m_RootGameObject: {fileID: 1555659105531706}
  m_IsPrefabParent: 1
--- !u!1 &1555659105531706
GameObject:
  m_ObjectHideFlags: 0
  m_PrefabParentObject: {fileID: 0}
  m_PrefabInternal: {fileID: 100100000}
  serializedVersion: 5
  m_Component:
  - component: {fileID: 4769206007030208}
  - component: {fileID: 114557265814062100}
  - component: {fileID: 23201176377821174}
  - component: {fileID: 33535041248675672}
  - component: {fileID: 114720139388071368}
  - component: {fileID: 64998844608893434}
  m_Layer: 0
  m_Name: book1
  m_TagString: Untagged
  m_Icon: {fileID: 0}
  m_NavMeshLayer: 0
  m_StaticEditorFlags: 127
  m_IsActive: 1
--- !u!4 &4769206007030208
Transform:
  m_ObjectHideFlags: 1
  m_PrefabParentObject: {fileID: 0}
  m_PrefabInternal: {fileID: 100100000}
  m_GameObject: {fileID: 1555659105531706}
  m_LocalRotation: {x: 0, y: 0, z: 0, w: 1}
  m_LocalPosition: {x: 15.23, y: 3.57, z: 32.619}
  m_LocalScale: {x: 0.57, y: 0.57, z: 0.57}
  m_Children: []
  m_Father: {fileID: 0}
  m_RootOrder: 0
  m_LocalEulerAnglesHint: {x: 0, y: 0, z: 0}
--- !u!23 &23201176377821174
MeshRenderer:
  m_ObjectHideFlags: 1
  m_PrefabParentObject: {fileID: 0}
  m_PrefabInternal: {fileID: 100100000}
  m_GameObject: {fileID: 1555659105531706}
  m_Enabled: 1
  m_CastShadows: 2
  m_ReceiveShadows: 1
  m_DynamicOccludee: 1
  m_MotionVectors: 1
  m_LightProbeUsage: 1
  m_ReflectionProbeUsage: 1
  m_Materials:
  - {fileID: 2100000, guid: f8c13dfcbab281544adc0446942fce71, type: 2}
  - {fileID: 2100000, guid: 0b226ee5d2231df45a438054283a323d, type: 2}
  - {fileID: 2100000, guid: 3eeab8931c8bffc4da56ef417f881c5c, type: 2}
  m_StaticBatchInfo:
    firstSubMesh: 0
    subMeshCount: 0
  m_StaticBatchRoot: {fileID: 0}
  m_ProbeAnchor: {fileID: 0}
  m_LightProbeVolumeOverride: {fileID: 0}
  m_ScaleInLightmap: 1
  m_PreserveUVs: 0
  m_IgnoreNormalsForChartDetection: 0
  m_ImportantGI: 0
  m_StitchLightmapSeams: 0
  m_SelectedEditorRenderState: 2
  m_MinimumChartSize: 4
  m_AutoUVMaxDistance: 0.5
  m_AutoUVMaxAngle: 89
  m_LightmapParameters: {fileID: 0}
  m_SortingLayerID: 0
  m_SortingLayer: 0
  m_SortingOrder: 0
--- !u!33 &33535041248675672
MeshFilter:
  m_ObjectHideFlags: 1
  m_PrefabParentObject: {fileID: 0}
  m_PrefabInternal: {fileID: 100100000}
  m_GameObject: {fileID: 1555659105531706}
  m_Mesh: {fileID: 0}
--- !u!64 &64998844608893434
MeshCollider:
  m_ObjectHideFlags: 1
  m_PrefabParentObject: {fileID: 0}
  m_PrefabInternal: {fileID: 100100000}
  m_GameObject: {fileID: 1555659105531706}
  m_Material: {fileID: 0}
  m_IsTrigger: 0
  m_Enabled: 1
  serializedVersion: 3
  m_Convex: 0
  m_CookingOptions: 14
  m_SkinWidth: 0.01
  m_Mesh: {fileID: 0}
--- !u!114 &114557265814062100
MonoBehaviour:
  m_ObjectHideFlags: 1
  m_PrefabParentObject: {fileID: 0}
  m_PrefabInternal: {fileID: 100100000}
  m_GameObject: {fileID: 1555659105531706}
  m_Enabled: 1
  m_EditorHideFlags: 0
  m_Script: {fileID: 16342205, guid: 0472bdc8d6d15384d98f22ee34302f9c, type: 3}
  m_Name: 
  m_EditorClassIdentifier: 
  _entityType: 0
--- !u!114 &114720139388071368
MonoBehaviour:
  m_ObjectHideFlags: 1
  m_PrefabParentObject: {fileID: 0}
  m_PrefabInternal: {fileID: 100100000}
  m_GameObject: {fileID: 1555659105531706}
  m_Enabled: 1
  m_EditorHideFlags: 0
  m_Script: {fileID: 185759285, guid: 0472bdc8d6d15384d98f22ee34302f9c, type: 3}
  m_Name: 
  m_EditorClassIdentifier: 
  _quads:
  - _indices: 000000000100000002000000010000000300000002000000
    _distinctIndices: 00000000010000000200000003000000
    _edges:
    - x: 0
      y: 1
    - x: 2
      y: 0
    - x: 1
      y: 3
    - x: 3
      y: 2
    _smoothingGroup: 0
    _uv:
      useWorldSpace: 0
      flipU: 0
      flipV: 0
      swapUV: 0
      fill: 1
      scale: {x: 1, y: 1}
      offset: {x: 0, y: 0}
      rotation: 0
      justify: 0
      localPivot: {x: -0.375, y: 0.12499988}
      localSize: {x: 0, y: 0}
      anchor: 9
    _mat: {fileID: 2100000, guid: f8c13dfcbab281544adc0446942fce71, type: 2}
    manualUV: 0
    elementGroup: -1
    textureGroup: -1
  - _indices: 040000000500000006000000050000000700000006000000
    _distinctIndices: 04000000050000000600000007000000
    _edges:
    - x: 4
      y: 5
    - x: 6
      y: 4
    - x: 5
      y: 7
    - x: 7
      y: 6
    _smoothingGroup: 0
    _uv:
      useWorldSpace: 0
      flipU: 0
      flipV: 0
      swapUV: 0
      fill: 1
      scale: {x: 1, y: 1}
      offset: {x: 0, y: 0}
      rotation: 0
      justify: 0
      localPivot: {x: -0.7324929, y: 0.12499988}
      localSize: {x: 0, y: 0}
      anchor: 9
    _mat: {fileID: 2100000, guid: f8c13dfcbab281544adc0446942fce71, type: 2}
    manualUV: 0
    elementGroup: -1
    textureGroup: -1
  - _indices: 08000000090000000a000000090000000b0000000a000000
    _distinctIndices: 08000000090000000a0000000b000000
    _edges:
    - x: 8
      y: 9
    - x: 10
      y: 8
    - x: 9
      y: 11
    - x: 11
      y: 10
    _smoothingGroup: 0
    _uv:
      useWorldSpace: 0
      flipU: 0
      flipV: 0
      swapUV: 0
      fill: 1
      scale: {x: 1, y: 1}
      offset: {x: 0, y: 0}
      rotation: 0
      justify: 0
      localPivot: {x: 0.375, y: 0.12499988}
      localSize: {x: 0, y: 0}
      anchor: 9
    _mat: {fileID: 2100000, guid: 0b226ee5d2231df45a438054283a323d, type: 2}
    manualUV: 0
    elementGroup: -1
    textureGroup: -1
  - _indices: 0c0000000d0000000e0000000d0000000f0000000e000000
    _distinctIndices: 0c0000000d0000000e0000000f000000
    _edges:
    - x: 12
      y: 13
    - x: 14
      y: 12
    - x: 13
      y: 15
    - x: 15
      y: 14
    _smoothingGroup: 0
    _uv:
      useWorldSpace: 0
      flipU: 0
      flipV: 0
      swapUV: 0
      fill: 1
      scale: {x: 1, y: 1}
      offset: {x: 0, y: 0}
      rotation: 0
      justify: 0
      localPivot: {x: 0.7324929, y: 0.12499988}
      localSize: {x: 0, y: 0}
      anchor: 9
    _mat: {fileID: 2100000, guid: f8c13dfcbab281544adc0446942fce71, type: 2}
    manualUV: 0
    elementGroup: -1
    textureGroup: -1
  - _indices: 100000001100000012000000110000001300000012000000
    _distinctIndices: 10000000110000001200000013000000
    _edges:
    - x: 16
      y: 17
    - x: 18
      y: 16
    - x: 17
      y: 19
    - x: 19
      y: 18
    _smoothingGroup: 0
    _uv:
      useWorldSpace: 0
      flipU: 0
      flipV: 0
      swapUV: 0
      fill: 1
      scale: {x: 1, y: 1}
      offset: {x: 0, y: 0}
      rotation: 0
      justify: 0
      localPivot: {x: 0.38059205, y: -0.74996185}
      localSize: {x: 0, y: 0}
      anchor: 9
    _mat: {fileID: 2100000, guid: 3eeab8931c8bffc4da56ef417f881c5c, type: 2}
    manualUV: 0
    elementGroup: -1
    textureGroup: -1
  - _indices: 140000001500000016000000150000001700000016000000
    _distinctIndices: 14000000150000001600000017000000
    _edges:
    - x: 20
      y: 21
    - x: 22
      y: 20
    - x: 21
      y: 23
    - x: 23
      y: 22
    _smoothingGroup: 0
    _uv:
      useWorldSpace: 0
      flipU: 0
      flipV: 0
      swapUV: 0
      fill: 1
      scale: {x: 1, y: 1}
      offset: {x: 0, y: 0}
      rotation: 0
      justify: 0
      localPivot: {x: -0.375, y: -0.75}
      localSize: {x: 0, y: 0}
      anchor: 9
    _mat: {fileID: 2100000, guid: 0b226ee5d2231df45a438054283a323d, type: 2}
    manualUV: 0
    elementGroup: -1
    textureGroup: -1
  - _indices: 18000000190000001a000000190000001b0000001a000000
    _distinctIndices: 18000000190000001a0000001b000000
    _edges:
    - x: 24
      y: 25
    - x: 26
      y: 24
    - x: 25
      y: 27
    - x: 27
      y: 26
    _smoothingGroup: 0
    _uv:
      useWorldSpace: 0
      flipU: 0
      flipV: 0
      swapUV: 0
      fill: 1
      scale: {x: 1, y: 1}
      offset: {x: 0, y: 0}
      rotation: 0
      justify: 0
      localPivot: {x: -0.375, y: -1.0000501}
      localSize: {x: 0, y: 0}
      anchor: 9
    _mat: {fileID: 2100000, guid: 0b226ee5d2231df45a438054283a323d, type: 2}
    manualUV: 0
    elementGroup: -1
    textureGroup: -1
  - _indices: 1c0000001d0000001e0000001d0000001f0000001e000000
    _distinctIndices: 1c0000001d0000001e0000001f000000
    _edges:
    - x: 28
      y: 29
    - x: 30
      y: 28
    - x: 29
      y: 31
    - x: 31
      y: 30
    _smoothingGroup: 0
    _uv:
      useWorldSpace: 0
      flipU: 0
      flipV: 0
      swapUV: 0
      fill: 1
      scale: {x: 1, y: 1}
      offset: {x: 0, y: 0}
      rotation: 0
      justify: 0
      localPivot: {x: -1.0000501, y: 0.12499988}
      localSize: {x: 0, y: 0}
      anchor: 9
    _mat: {fileID: 2100000, guid: 0b226ee5d2231df45a438054283a323d, type: 2}
    manualUV: 0
    elementGroup: -1
    textureGroup: -1
  - _indices: 200000002100000022000000210000002300000022000000
    _distinctIndices: 20000000210000002200000023000000
    _edges:
    - x: 32
      y: 33
    - x: 34
      y: 32
    - x: 33
      y: 35
    - x: 35
      y: 34
    _smoothingGroup: 0
    _uv:
      useWorldSpace: 0
      flipU: 0
      flipV: 0
      swapUV: 0
      fill: 1
      scale: {x: 1, y: 1}
      offset: {x: 0, y: 0}
      rotation: 0
      justify: 0
      localPivot: {x: 1.0000501, y: 0.12499988}
      localSize: {x: 0, y: 0}
      anchor: 9
    _mat: {fileID: 2100000, guid: 0b226ee5d2231df45a438054283a323d, type: 2}
    manualUV: 0
    elementGroup: -1
    textureGroup: -1
  - _indices: 240000002500000026000000250000002700000026000000
    _distinctIndices: 24000000250000002600000027000000
    _edges:
    - x: 36
      y: 37
    - x: 38
      y: 36
    - x: 37
      y: 39
    - x: 39
      y: 38
    _smoothingGroup: 0
    _uv:
      useWorldSpace: 0
      flipU: 0
      flipV: 0
      swapUV: 0
      fill: 1
      scale: {x: 1, y: 1}
      offset: {x: 0, y: 0}
      rotation: 0
      justify: 0
      localPivot: {x: 0.375, y: -1.0000501}
      localSize: {x: 0, y: 0}
      anchor: 9
    _mat: {fileID: 2100000, guid: 0b226ee5d2231df45a438054283a323d, type: 2}
    manualUV: 0
    elementGroup: -1
    textureGroup: -1
  - _indices: 28000000290000002a000000290000002b0000002a000000
    _distinctIndices: 28000000290000002a0000002b000000
    _edges:
    - x: 40
      y: 41
    - x: 42
      y: 40
    - x: 41
      y: 43
    - x: 43
      y: 42
    _smoothingGroup: 0
    _uv:
      useWorldSpace: 0
      flipU: 0
      flipV: 0
      swapUV: 0
      fill: 1
      scale: {x: 1, y: 1}
      offset: {x: 0, y: 0}
      rotation: 0
      justify: 0
      localPivot: {x: 0.375, y: 0.696776}
      localSize: {x: 0, y: 0}
      anchor: 9
    _mat: {fileID: 2100000, guid: 0b226ee5d2231df45a438054283a323d, type: 2}
    manualUV: 0
    elementGroup: -1
    textureGroup: -1
  - _indices: 2c0000002d0000002e0000002d0000002f0000002e000000
    _distinctIndices: 2c0000002d0000002e0000002f000000
    _edges:
    - x: 44
      y: 45
    - x: 46
      y: 44
    - x: 45
      y: 47
    - x: 47
      y: 46
    _smoothingGroup: 0
    _uv:
      useWorldSpace: 0
      flipU: 0
      flipV: 0
      swapUV: 0
      fill: 1
      scale: {x: 1, y: 1}
      offset: {x: 0, y: 0}
      rotation: 0
      justify: 0
      localPivot: {x: 0.18118332, y: 0.12499988}
      localSize: {x: 0, y: 0}
      anchor: 9
    _mat: {fileID: 2100000, guid: 0b226ee5d2231df45a438054283a323d, type: 2}
    manualUV: 0
    elementGroup: -1
    textureGroup: -1
  - _indices: 300000003100000032000000310000003300000032000000
    _distinctIndices: 30000000310000003200000033000000
    _edges:
    - x: 48
      y: 49
    - x: 50
      y: 48
    - x: 49
      y: 51
    - x: 51
      y: 50
    _smoothingGroup: 0
    _uv:
      useWorldSpace: 0
      flipU: 0
      flipV: 0
      swapUV: 0
      fill: 1
      scale: {x: 1, y: 1}
      offset: {x: 0, y: 0}
      rotation: 0
      justify: 0
      localPivot: {x: 0.49601275, y: 0.12499988}
      localSize: {x: 0, y: 0}
      anchor: 9
    _mat: {fileID: 2100000, guid: 0b226ee5d2231df45a438054283a323d, type: 2}
    manualUV: 0
    elementGroup: -1
    textureGroup: -1
  - _indices: 340000003500000036000000350000003700000036000000
    _distinctIndices: 34000000350000003600000037000000
    _edges:
    - x: 52
      y: 53
    - x: 54
      y: 52
    - x: 53
      y: 55
    - x: 55
      y: 54
    _smoothingGroup: 0
    _uv:
      useWorldSpace: 0
      flipU: 0
      flipV: 0
      swapUV: 0
      fill: 1
      scale: {x: 1, y: 1}
      offset: {x: 0, y: 0}
      rotation: 0
      justify: 0
      localPivot: {x: 0.38524327, y: -0.86232805}
      localSize: {x: 0, y: 0}
      anchor: 9
    _mat: {fileID: 2100000, guid: 3eeab8931c8bffc4da56ef417f881c5c, type: 2}
    manualUV: 0
    elementGroup: -1
    textureGroup: -1
  - _indices: 38000000390000003a000000390000003b0000003a000000
    _distinctIndices: 38000000390000003a0000003b000000
    _edges:
    - x: 56
      y: 57
    - x: 58
      y: 56
    - x: 57
      y: 59
    - x: 59
      y: 58
    _smoothingGroup: 0
    _uv:
      useWorldSpace: 0
      flipU: 0
      flipV: 0
      swapUV: 0
      fill: 1
      scale: {x: 1, y: 1}
      offset: {x: 0, y: 0}
      rotation: 0
      justify: 0
      localPivot: {x: 0.5873388, y: -0.75}
      localSize: {x: 0, y: 0}
      anchor: 9
    _mat: {fileID: 2100000, guid: 0b226ee5d2231df45a438054283a323d, type: 2}
    manualUV: 0
    elementGroup: -1
    textureGroup: -1
  - _indices: 3c0000003d0000003e0000003d0000003f0000003e000000
    _distinctIndices: 3c0000003d0000003e0000003f000000
    _edges:
    - x: 60
      y: 61
    - x: 62
      y: 60
    - x: 61
      y: 63
    - x: 63
      y: 62
    _smoothingGroup: 0
    _uv:
      useWorldSpace: 0
      flipU: 0
      flipV: 0
      swapUV: 0
      fill: 1
      scale: {x: 1, y: 1}
      offset: {x: 0, y: 0}
      rotation: 0
      justify: 0
      localPivot: {x: -0.375, y: -0.11267822}
      localSize: {x: 0, y: 0}
      anchor: 9
    _mat: {fileID: 2100000, guid: 0b226ee5d2231df45a438054283a323d, type: 2}
    manualUV: 0
    elementGroup: -1
    textureGroup: -1
  - _indices: 400000004100000042000000410000004300000042000000
    _distinctIndices: 40000000410000004200000043000000
    _edges:
    - x: 64
      y: 65
    - x: 66
      y: 64
    - x: 65
      y: 67
    - x: 67
      y: 66
    _smoothingGroup: 0
    _uv:
      useWorldSpace: 0
      flipU: 0
      flipV: 0
      swapUV: 0
      fill: 1
      scale: {x: 1, y: 1}
      offset: {x: 0, y: 0}
      rotation: 0
      justify: 0
      localPivot: {x: -1.1725527, y: 0.12499988}
      localSize: {x: 0, y: 0}
      anchor: 9
    _mat: {fileID: 2100000, guid: 0b226ee5d2231df45a438054283a323d, type: 2}
    manualUV: 0
    elementGroup: -1
    textureGroup: -1
  - _indices: 440000004500000046000000450000004700000046000000
    _distinctIndices: 44000000450000004600000047000000
    _edges:
    - x: 68
      y: 69
    - x: 70
      y: 68
    - x: 69
      y: 71
    - x: 71
      y: 70
    _smoothingGroup: 0
    _uv:
      useWorldSpace: 0
      flipU: 0
      flipV: 0
      swapUV: 0
      fill: 1
      scale: {x: 1, y: 1}
      offset: {x: 0, y: 0}
      rotation: 0
      justify: 0
      localPivot: {x: -0.72102237, y: -0.75}
      localSize: {x: 0, y: 0}
      anchor: 9
    _mat: {fileID: 2100000, guid: 0b226ee5d2231df45a438054283a323d, type: 2}
    manualUV: 0
    elementGroup: -1
    textureGroup: -1
  - _indices: 48000000490000004a000000490000004b0000004a000000
    _distinctIndices: 48000000490000004a0000004b000000
    _edges:
    - x: 72
      y: 73
    - x: 74
      y: 72
    - x: 73
      y: 75
    - x: 75
      y: 74
    _smoothingGroup: 0
    _uv:
      useWorldSpace: 0
      flipU: 0
      flipV: 0
      swapUV: 0
      fill: 1
      scale: {x: 1, y: 1}
      offset: {x: 0, y: 0}
      rotation: 0
      justify: 0
      localPivot: {x: -0.375, y: 0.31737334}
      localSize: {x: 0, y: 0}
      anchor: 9
    _mat: {fileID: 2100000, guid: 0b226ee5d2231df45a438054283a323d, type: 2}
    manualUV: 0
    elementGroup: -1
    textureGroup: -1
  - _indices: 4c0000004d0000004e0000004d0000004f0000004e000000
    _distinctIndices: 4c0000004d0000004e0000004f000000
    _edges:
    - x: 76
      y: 77
    - x: 78
      y: 76
    - x: 77
      y: 79
    - x: 79
      y: 78
    _smoothingGroup: 0
    _uv:
      useWorldSpace: 0
      flipU: 0
      flipV: 0
      swapUV: 0
      fill: 1
      scale: {x: 1, y: 1}
      offset: {x: 0, y: 0}
      rotation: 0
      justify: 0
      localPivot: {x: 0.087257534, y: -0.75}
      localSize: {x: 0, y: 0}
      anchor: 9
    _mat: {fileID: 2100000, guid: 0b226ee5d2231df45a438054283a323d, type: 2}
    manualUV: 0
    elementGroup: -1
    textureGroup: -1
  - _indices: 500000005100000052000000510000005300000052000000
    _distinctIndices: 50000000510000005200000053000000
    _edges:
    - x: 80
      y: 81
    - x: 82
      y: 80
    - x: 81
      y: 83
    - x: 83
      y: 82
    _smoothingGroup: 0
    _uv:
      useWorldSpace: 0
      flipU: 0
      flipV: 0
      swapUV: 0
      fill: 1
      scale: {x: 1, y: 1}
      offset: {x: 0, y: 0}
      rotation: 0
      justify: 0
      localPivot: {x: 0.046426117, y: -0.75}
      localSize: {x: 0, y: 0}
      anchor: 9
    _mat: {fileID: 2100000, guid: 0b226ee5d2231df45a438054283a323d, type: 2}
    manualUV: 0
    elementGroup: -1
    textureGroup: -1
  - _indices: 540000005500000056000000550000005700000056000000
    _distinctIndices: 54000000550000005600000057000000
    _edges:
    - x: 84
      y: 85
    - x: 86
      y: 84
    - x: 85
      y: 87
    - x: 87
      y: 86
    _smoothingGroup: 0
    _uv:
      useWorldSpace: 0
      flipU: 0
      flipV: 0
      swapUV: 0
      fill: 1
      scale: {x: 1, y: 1}
      offset: {x: 0, y: 0}
      rotation: 0
      justify: 0
      localPivot: {x: 0.61229444, y: 0.12499988}
      localSize: {x: 0, y: 0}
      anchor: 9
    _mat: {fileID: 2100000, guid: 0b226ee5d2231df45a438054283a323d, type: 2}
    manualUV: 0
    elementGroup: -1
    textureGroup: -1
  - _indices: 58000000590000005a000000590000005b0000005a000000
    _distinctIndices: 58000000590000005a0000005b000000
    _edges:
    - x: 88
      y: 89
    - x: 90
      y: 88
    - x: 89
      y: 91
    - x: 91
      y: 90
    _smoothingGroup: 0
    _uv:
      useWorldSpace: 0
      flipU: 0
      flipV: 0
      swapUV: 0
      fill: 1
      scale: {x: 1, y: 1}
      offset: {x: 0, y: 0}
      rotation: 0
      justify: 0
      localPivot: {x: -0.375, y: 0.25004977}
      localSize: {x: 0, y: 0}
      anchor: 9
    _mat: {fileID: 2100000, guid: 0b226ee5d2231df45a438054283a323d, type: 2}
    manualUV: 0
    elementGroup: -1
    textureGroup: -1
  - _indices: 5c0000005d0000005e0000005d0000005f0000005e000000
    _distinctIndices: 5c0000005d0000005e0000005f000000
    _edges:
    - x: 92
      y: 93
    - x: 94
      y: 92
    - x: 93
      y: 95
    - x: 95
      y: 94
    _smoothingGroup: 0
    _uv:
      useWorldSpace: 0
      flipU: 0
      flipV: 0
      swapUV: 0
      fill: 1
      scale: {x: 1, y: 1}
      offset: {x: 0, y: 0}
      rotation: 0
      justify: 0
      localPivot: {x: 0.13822219, y: -0.75}
      localSize: {x: 0, y: 0}
      anchor: 9
    _mat: {fileID: 2100000, guid: 0b226ee5d2231df45a438054283a323d, type: 2}
    manualUV: 0
    elementGroup: -1
    textureGroup: -1
  - _indices: 600000006100000062000000610000006300000062000000
    _distinctIndices: 60000000610000006200000063000000
    _edges:
    - x: 96
      y: 97
    - x: 98
      y: 96
    - x: 97
      y: 99
    - x: 99
      y: 98
    _smoothingGroup: 0
    _uv:
      useWorldSpace: 0
      flipU: 0
      flipV: 0
      swapUV: 0
      fill: 1
      scale: {x: 1, y: 1}
      offset: {x: 0, y: 0}
      rotation: 0
      justify: 0
      localPivot: {x: 0.6117778, y: -0.75}
      localSize: {x: 0, y: 0}
      anchor: 9
    _mat: {fileID: 2100000, guid: 0b226ee5d2231df45a438054283a323d, type: 2}
    manualUV: 0
    elementGroup: -1
    textureGroup: -1
  - _indices: 640000006500000066000000650000006700000066000000
    _distinctIndices: 64000000650000006600000067000000
    _edges:
    - x: 100
      y: 101
    - x: 102
      y: 100
    - x: 101
      y: 103
    - x: 103
      y: 102
    _smoothingGroup: 0
    _uv:
      useWorldSpace: 0
      flipU: 0
      flipV: 0
      swapUV: 0
      fill: 1
      scale: {x: 1, y: 1}
      offset: {x: 0, y: 0}
      rotation: 0
      justify: 0
      localPivot: {x: 0.375, y: 0.25004977}
      localSize: {x: 0, y: 0}
      anchor: 9
    _mat: {fileID: 2100000, guid: 0b226ee5d2231df45a438054283a323d, type: 2}
    manualUV: 0
    elementGroup: -1
    textureGroup: -1
  - _indices: 68000000690000006a000000690000006b0000006a000000
    _distinctIndices: 68000000690000006a0000006b000000
    _edges:
    - x: 104
      y: 105
    - x: 106
      y: 104
    - x: 105
      y: 107
    - x: 107
      y: 106
    _smoothingGroup: 0
    _uv:
      useWorldSpace: 0
      flipU: 0
      flipV: 0
      swapUV: 0
      fill: 1
      scale: {x: 1, y: 1}
      offset: {x: 0, y: 0}
      rotation: 0
      justify: 0
      localPivot: {x: 0.375, y: -0.9205249}
      localSize: {x: 0, y: 0}
      anchor: 9
    _mat: {fileID: 2100000, guid: 0b226ee5d2231df45a438054283a323d, type: 2}
    manualUV: 0
    elementGroup: -1
    textureGroup: -1
  - _indices: 6c0000006d0000006e0000006d0000006f0000006e000000
    _distinctIndices: 6c0000006d0000006e0000006f000000
    _edges:
    - x: 108
      y: 109
    - x: 110
      y: 108
    - x: 109
      y: 111
    - x: 111
      y: 110
    _smoothingGroup: 0
    _uv:
      useWorldSpace: 0
      flipU: 0
      flipV: 0
      swapUV: 0
      fill: 1
      scale: {x: 1, y: 1}
      offset: {x: 0, y: 0}
      rotation: 0
      justify: 0
      localPivot: {x: 0.14340116, y: -0.5064916}
      localSize: {x: 0, y: 0}
      anchor: 9
    _mat: {fileID: 2100000, guid: 0b226ee5d2231df45a438054283a323d, type: 2}
    manualUV: 0
    elementGroup: -1
    textureGroup: -1
  - _indices: 700000007100000072000000710000007300000072000000
    _distinctIndices: 70000000710000007200000073000000
    _edges:
    - x: 112
      y: 113
    - x: 114
      y: 112
    - x: 113
      y: 115
    - x: 115
      y: 114
    _smoothingGroup: 0
    _uv:
      useWorldSpace: 0
      flipU: 0
      flipV: 0
      swapUV: 0
      fill: 1
      scale: {x: 1, y: 1}
      offset: {x: 0, y: 0}
      rotation: 0
      justify: 0
      localPivot: {x: 0.6110632, y: -0.50718755}
      localSize: {x: 0, y: 0}
      anchor: 9
    _mat: {fileID: 2100000, guid: 0b226ee5d2231df45a438054283a323d, type: 2}
    manualUV: 0
    elementGroup: -1
    textureGroup: -1
  - _indices: 740000007500000076000000750000007700000076000000
    _distinctIndices: 74000000750000007600000077000000
    _edges:
    - x: 116
      y: 117
    - x: 118
      y: 116
    - x: 117
      y: 119
    - x: 119
      y: 118
    _smoothingGroup: 0
    _uv:
      useWorldSpace: 0
      flipU: 0
      flipV: 0
      swapUV: 0
      fill: 1
      scale: {x: 1, y: 1}
      offset: {x: 0, y: 0}
      rotation: 0
      justify: 0
      localPivot: {x: -0.375, y: -0.92056686}
      localSize: {x: 0, y: 0}
      anchor: 9
    _mat: {fileID: 2100000, guid: 0b226ee5d2231df45a438054283a323d, type: 2}
    manualUV: 0
    elementGroup: -1
    textureGroup: -1
  - _indices: 78000000790000007a000000790000007b0000007a000000
    _distinctIndices: 78000000790000007a0000007b000000
    _edges:
    - x: 120
      y: 121
    - x: 122
      y: 120
    - x: 121
      y: 123
    - x: 123
      y: 122
    _smoothingGroup: 0
    _uv:
      useWorldSpace: 0
      flipU: 0
      flipV: 0
      swapUV: 0
      fill: 1
      scale: {x: 1, y: 1}
      offset: {x: 0, y: 0}
      rotation: 0
      justify: 0
      localPivot: {x: -0.37904152, y: 0.26063523}
      localSize: {x: 0, y: 0}
      anchor: 9
    _mat: {fileID: 2100000, guid: 0b226ee5d2231df45a438054283a323d, type: 2}
    manualUV: 0
    elementGroup: -1
    textureGroup: -1
  - _indices: 7c0000007d0000007e0000007d0000007f0000007e000000
    _distinctIndices: 7c0000007d0000007e0000007f000000
    _edges:
    - x: 124
      y: 125
    - x: 126
      y: 124
    - x: 125
      y: 127
    - x: 127
      y: 126
    _smoothingGroup: 0
    _uv:
      useWorldSpace: 0
      flipU: 0
      flipV: 0
      swapUV: 0
      fill: 1
      scale: {x: 1, y: 1}
      offset: {x: 0, y: 0}
      rotation: 0
      justify: 0
      localPivot: {x: 0.37516895, y: -0.87889934}
      localSize: {x: 0, y: 0}
      anchor: 9
    _mat: {fileID: 2100000, guid: 3eeab8931c8bffc4da56ef417f881c5c, type: 2}
    manualUV: 0
    elementGroup: -1
    textureGroup: -1
  - _indices: 800000008100000082000000810000008300000082000000
    _distinctIndices: 80000000810000008200000083000000
    _edges:
    - x: 128
      y: 129
    - x: 130
      y: 128
    - x: 129
      y: 131
    - x: 131
      y: 130
    _smoothingGroup: 0
    _uv:
      useWorldSpace: 0
      flipU: 0
      flipV: 0
      swapUV: 0
      fill: 1
      scale: {x: 1, y: 1}
      offset: {x: 0, y: 0}
      rotation: 0
      justify: 0
      localPivot: {x: 0.37367952, y: -0.508477}
      localSize: {x: 0, y: 0}
      anchor: 9
    _mat: {fileID: 2100000, guid: 3eeab8931c8bffc4da56ef417f881c5c, type: 2}
    manualUV: 0
    elementGroup: -1
    textureGroup: -1
  - _indices: 840000008500000086000000850000008700000086000000
    _distinctIndices: 84000000850000008600000087000000
    _edges:
    - x: 132
      y: 133
    - x: 134
      y: 132
    - x: 133
      y: 135
    - x: 135
      y: 134
    _smoothingGroup: 0
    _uv:
      useWorldSpace: 0
      flipU: 0
      flipV: 0
      swapUV: 0
      fill: 1
      scale: {x: 1, y: 1}
      offset: {x: 0, y: 0}
      rotation: 0
      justify: 0
      localPivot: {x: 0.38560724, y: 0.2147989}
      localSize: {x: 0, y: 0}
      anchor: 9
    _mat: {fileID: 2100000, guid: 3eeab8931c8bffc4da56ef417f881c5c, type: 2}
    manualUV: 0
    elementGroup: -1
    textureGroup: -1
  - _indices: 88000000890000008a000000890000008b0000008a000000
    _distinctIndices: 88000000890000008a0000008b000000
    _edges:
    - x: 136
      y: 137
    - x: 138
      y: 136
    - x: 137
      y: 139
    - x: 139
      y: 138
    _smoothingGroup: 0
    _uv:
      useWorldSpace: 0
      flipU: 0
      flipV: 0
      swapUV: 0
      fill: 1
      scale: {x: 1, y: 1}
      offset: {x: 0, y: 0}
      rotation: 0
      justify: 0
      localPivot: {x: -0.375, y: -0.4729055}
      localSize: {x: 0, y: 0}
      anchor: 9
    _mat: {fileID: 2100000, guid: 0b226ee5d2231df45a438054283a323d, type: 2}
    manualUV: 0
    elementGroup: -1
    textureGroup: -1
  - _indices: 8c0000008d0000008e0000008d0000008f0000008e000000
    _distinctIndices: 8c0000008d0000008e0000008f000000
    _edges:
    - x: 140
      y: 141
    - x: 142
      y: 140
    - x: 141
      y: 143
    - x: 143
      y: 142
    _smoothingGroup: 0
    _uv:
      useWorldSpace: 0
      flipU: 0
      flipV: 0
      swapUV: 0
      fill: 1
      scale: {x: 1, y: 1}
      offset: {x: 0, y: 0}
      rotation: 0
      justify: 0
      localPivot: {x: 0.36387444, y: -0.7499809}
      localSize: {x: 0, y: 0}
      anchor: 9
    _mat: {fileID: 2100000, guid: 3eeab8931c8bffc4da56ef417f881c5c, type: 2}
    manualUV: 0
    elementGroup: -1
    textureGroup: -1
  - _indices: 900000009100000092000000910000009300000092000000
    _distinctIndices: 90000000910000009200000093000000
    _edges:
    - x: 144
      y: 145
    - x: 146
      y: 144
    - x: 145
      y: 147
    - x: 147
      y: 146
    _smoothingGroup: 0
    _uv:
      useWorldSpace: 0
      flipU: 0
      flipV: 0
      swapUV: 0
      fill: 1
      scale: {x: 1, y: 1}
      offset: {x: 0, y: 0}
      rotation: 0
      justify: 0
      localPivot: {x: 0.3440982, y: -0.7499809}
      localSize: {x: 0, y: 0}
      anchor: 9
    _mat: {fileID: 2100000, guid: 3eeab8931c8bffc4da56ef417f881c5c, type: 2}
    manualUV: 0
    elementGroup: -1
    textureGroup: -1
  - _indices: 940000009500000096000000950000009700000096000000
    _distinctIndices: 94000000950000009600000097000000
    _edges:
    - x: 148
      y: 149
    - x: 150
      y: 148
    - x: 149
      y: 151
    - x: 151
      y: 150
    _smoothingGroup: 0
    _uv:
      useWorldSpace: 0
      flipU: 0
      flipV: 0
      swapUV: 0
      fill: 1
      scale: {x: 1, y: 1}
      offset: {x: 0, y: 0}
      rotation: 0
      justify: 0
      localPivot: {x: 0.375, y: 0.25610855}
      localSize: {x: 0, y: 0}
      anchor: 9
    _mat: {fileID: 2100000, guid: 0b226ee5d2231df45a438054283a323d, type: 2}
    manualUV: 0
    elementGroup: -1
    textureGroup: -1
  - _indices: 98000000990000009a000000990000009b0000009a000000
    _distinctIndices: 98000000990000009a0000009b000000
    _edges:
    - x: 152
      y: 153
    - x: 154
      y: 152
    - x: 153
      y: 155
    - x: 155
      y: 154
    _smoothingGroup: 0
    _uv:
      useWorldSpace: 0
      flipU: 0
      flipV: 0
      swapUV: 0
      fill: 1
      scale: {x: 1, y: 1}
      offset: {x: 0, y: 0}
      rotation: 0
      justify: 0
      localPivot: {x: 0.375, y: 0.34430438}
      localSize: {x: 0, y: 0}
      anchor: 9
    _mat: {fileID: 2100000, guid: 0b226ee5d2231df45a438054283a323d, type: 2}
    manualUV: 0
    elementGroup: -1
    textureGroup: -1
  - _indices: 9c0000009d0000009e0000009d0000009f0000009e000000
    _distinctIndices: 9c0000009d0000009e0000009f000000
    _edges:
    - x: 156
      y: 157
    - x: 158
      y: 156
    - x: 157
      y: 159
    - x: 159
      y: 158
    _smoothingGroup: 0
    _uv:
      useWorldSpace: 0
      flipU: 0
      flipV: 0
      swapUV: 0
      fill: 1
      scale: {x: 1, y: 1}
      offset: {x: 0, y: 0}
      rotation: 0
      justify: 0
      localPivot: {x: -0.24479714, y: 0.43417233}
      localSize: {x: 0, y: 0}
      anchor: 9
    _mat: {fileID: 2100000, guid: 3eeab8931c8bffc4da56ef417f881c5c, type: 2}
    manualUV: 0
    elementGroup: -1
    textureGroup: -1
  - _indices: a0000000a1000000a2000000a1000000a3000000a2000000
    _distinctIndices: a0000000a1000000a2000000a3000000
    _edges:
    - x: 160
      y: 161
    - x: 162
      y: 160
    - x: 161
      y: 163
    - x: 163
      y: 162
    _smoothingGroup: 0
    _uv:
      useWorldSpace: 0
      flipU: 0
      flipV: 0
      swapUV: 0
      fill: 1
      scale: {x: 1, y: 1}
      offset: {x: 0, y: 0}
      rotation: 0
      justify: 0
      localPivot: {x: -0.48682418, y: 0.33966005}
      localSize: {x: 0, y: 0}
      anchor: 9
    _mat: {fileID: 2100000, guid: 3eeab8931c8bffc4da56ef417f881c5c, type: 2}
    manualUV: 0
    elementGroup: -1
    textureGroup: -1
  - _indices: a4000000a5000000a6000000a5000000a7000000a6000000
    _distinctIndices: a4000000a5000000a6000000a7000000
    _edges:
    - x: 164
      y: 165
    - x: 166
      y: 164
    - x: 165
      y: 167
    - x: 167
      y: 166
    _smoothingGroup: 0
    _uv:
      useWorldSpace: 0
      flipU: 0
      flipV: 0
      swapUV: 0
      fill: 1
      scale: {x: 1, y: 1}
      offset: {x: 0, y: 0}
      rotation: 0
      justify: 0
      localPivot: {x: -0.38059205, y: 0.4198199}
      localSize: {x: 0, y: 0}
      anchor: 9
    _mat: {fileID: 2100000, guid: 3eeab8931c8bffc4da56ef417f881c5c, type: 2}
    manualUV: 0
    elementGroup: -1
    textureGroup: -1
  - _indices: a8000000a9000000aa000000a9000000ab000000aa000000
    _distinctIndices: a8000000a9000000aa000000ab000000
    _edges:
    - x: 168
      y: 169
    - x: 170
      y: 168
    - x: 169
      y: 171
    - x: 171
      y: 170
    _smoothingGroup: 0
    _uv:
      useWorldSpace: 0
      flipU: 0
      flipV: 0
      swapUV: 0
      fill: 1
      scale: {x: 1, y: 1}
      offset: {x: 0, y: 0}
      rotation: 0
      justify: 0
      localPivot: {x: 0.375, y: 0.1319696}
      localSize: {x: 0, y: 0}
      anchor: 9
    _mat: {fileID: 2100000, guid: 0b226ee5d2231df45a438054283a323d, type: 2}
    manualUV: 0
    elementGroup: -1
    textureGroup: -1
  - _indices: ac000000ad000000ae000000ad000000af000000ae000000
    _distinctIndices: ac000000ad000000ae000000af000000
    _edges:
    - x: 172
      y: 173
    - x: 174
      y: 172
    - x: 173
      y: 175
    - x: 175
      y: 174
    _smoothingGroup: 0
    _uv:
      useWorldSpace: 0
      flipU: 0
      flipV: 0
      swapUV: 0
      fill: 1
      scale: {x: 1, y: 1}
      offset: {x: 0, y: 0}
      rotation: 0
      justify: 0
      localPivot: {x: -0.1737187, y: 0.12977023}
      localSize: {x: 0, y: 0}
      anchor: 9
    _mat: {fileID: 2100000, guid: 3eeab8931c8bffc4da56ef417f881c5c, type: 2}
    manualUV: 0
    elementGroup: -1
    textureGroup: -1
  - _indices: b0000000b1000000b2000000b1000000b3000000b2000000
    _distinctIndices: b0000000b1000000b2000000b3000000
    _edges:
    - x: 176
      y: 177
    - x: 178
      y: 176
    - x: 177
      y: 179
    - x: 179
      y: 178
    _smoothingGroup: 0
    _uv:
      useWorldSpace: 0
      flipU: 0
      flipV: 0
      swapUV: 0
      fill: 1
      scale: {x: 1, y: 1}
      offset: {x: 0, y: 0}
      rotation: 0
      justify: 0
      localPivot: {x: -0.57552403, y: 0.12976994}
      localSize: {x: 0, y: 0}
      anchor: 9
    _mat: {fileID: 2100000, guid: 3eeab8931c8bffc4da56ef417f881c5c, type: 2}
    manualUV: 0
    elementGroup: -1
    textureGroup: -1
  - _indices: b4000000b5000000b6000000b5000000b7000000b6000000
    _distinctIndices: b4000000b5000000b6000000b7000000
    _edges:
    - x: 180
      y: 181
    - x: 182
      y: 180
    - x: 181
      y: 183
    - x: 183
      y: 182
    _smoothingGroup: 0
    _uv:
      useWorldSpace: 0
      flipU: 0
      flipV: 0
      swapUV: 0
      fill: 1
      scale: {x: 1, y: 1}
      offset: {x: 0, y: 0}
      rotation: 0
      justify: 0
      localPivot: {x: -0.38059187, y: 0.12757075}
      localSize: {x: 0, y: 0}
      anchor: 9
    _mat: {fileID: 2100000, guid: 3eeab8931c8bffc4da56ef417f881c5c, type: 2}
    manualUV: 0
    elementGroup: -1
    textureGroup: -1
  - _indices: b8000000b9000000ba000000b9000000bb000000ba000000
    _distinctIndices: b8000000b9000000ba000000bb000000
    _edges:
    - x: 184
      y: 185
    - x: 186
      y: 184
    - x: 185
      y: 187
    - x: 187
      y: 186
    _smoothingGroup: 0
    _uv:
      useWorldSpace: 0
      flipU: 0
      flipV: 0
      swapUV: 0
      fill: 1
      scale: {x: 1, y: 1}
      offset: {x: 0, y: 0}
      rotation: 0
      justify: 0
      localPivot: {x: 0.375, y: 0.034451343}
      localSize: {x: 0, y: 0}
      anchor: 9
    _mat: {fileID: 2100000, guid: 0b226ee5d2231df45a438054283a323d, type: 2}
    manualUV: 0
    elementGroup: -1
    textureGroup: -1
  - _indices: bc000000bd000000be000000bd000000bf000000be000000
    _distinctIndices: bc000000bd000000be000000bf000000
    _edges:
    - x: 188
      y: 189
    - x: 190
      y: 188
    - x: 189
      y: 191
    - x: 191
      y: 190
    _smoothingGroup: 0
    _uv:
      useWorldSpace: 0
      flipU: 0
      flipV: 0
      swapUV: 0
      fill: 1
      scale: {x: 1, y: 1}
      offset: {x: 0, y: 0}
      rotation: 0
      justify: 0
      localPivot: {x: -0.17371911, y: 0.032252137}
      localSize: {x: 0, y: 0}
      anchor: 9
    _mat: {fileID: 2100000, guid: 3eeab8931c8bffc4da56ef417f881c5c, type: 2}
    manualUV: 0
    elementGroup: -1
    textureGroup: -1
  - _indices: c0000000c1000000c2000000c1000000c3000000c2000000
    _distinctIndices: c0000000c1000000c2000000c3000000
    _edges:
    - x: 192
      y: 193
    - x: 194
      y: 192
    - x: 193
      y: 195
    - x: 195
      y: 194
    _smoothingGroup: 0
    _uv:
      useWorldSpace: 0
      flipU: 0
      flipV: 0
      swapUV: 0
      fill: 1
      scale: {x: 1, y: 1}
      offset: {x: 0, y: 0}
      rotation: 0
      justify: 0
      localPivot: {x: -0.5755237, y: 0.03224966}
      localSize: {x: 0, y: 0}
      anchor: 9
    _mat: {fileID: 2100000, guid: 3eeab8931c8bffc4da56ef417f881c5c, type: 2}
    manualUV: 0
    elementGroup: -1
    textureGroup: -1
  - _indices: c4000000c5000000c6000000c5000000c7000000c6000000
    _distinctIndices: c4000000c5000000c6000000c7000000
    _edges:
    - x: 196
      y: 197
    - x: 198
      y: 196
    - x: 197
      y: 199
    - x: 199
      y: 198
    _smoothingGroup: 0
    _uv:
      useWorldSpace: 0
      flipU: 0
      flipV: 0
      swapUV: 0
      fill: 1
      scale: {x: 1, y: 1}
      offset: {x: 0, y: 0}
      rotation: 0
      justify: 0
      localPivot: {x: -0.38059187, y: 0.030052137}
      localSize: {x: 0, y: 0}
      anchor: 9
    _mat: {fileID: 2100000, guid: 3eeab8931c8bffc4da56ef417f881c5c, type: 2}
    manualUV: 0
    elementGroup: -1
    textureGroup: -1
  - _indices: c8000000c9000000ca000000c9000000cb000000ca000000
    _distinctIndices: c8000000c9000000ca000000cb000000
    _edges:
    - x: 200
      y: 201
    - x: 202
      y: 200
    - x: 201
      y: 203
    - x: 203
      y: 202
    _smoothingGroup: 0
    _uv:
      useWorldSpace: 0
      flipU: 0
      flipV: 0
      swapUV: 0
      fill: 1
      scale: {x: 1, y: 1}
      offset: {x: 0, y: 0}
      rotation: 0
      justify: 0
      localPivot: {x: 0.375, y: -0.51200664}
      localSize: {x: 0, y: 0}
      anchor: 9
    _mat: {fileID: 2100000, guid: 3eeab8931c8bffc4da56ef417f881c5c, type: 2}
    manualUV: 0
    elementGroup: -1
    textureGroup: -1
  - _indices: cc000000cd000000ce000000cd000000cf000000ce000000
    _distinctIndices: cc000000cd000000ce000000cf000000
    _edges:
    - x: 204
      y: 205
    - x: 206
      y: 204
    - x: 205
      y: 207
    - x: 207
      y: 206
    _smoothingGroup: 0
    _uv:
      useWorldSpace: 0
      flipU: 0
      flipV: 0
      swapUV: 0
      fill: 1
      scale: {x: 1, y: 1}
      offset: {x: 0, y: 0}
      rotation: 0
      justify: 0
      localPivot: {x: 0.5120068, y: 0.034445483}
      localSize: {x: 0, y: 0}
      anchor: 9
    _mat: {fileID: 2100000, guid: 3eeab8931c8bffc4da56ef417f881c5c, type: 2}
    manualUV: 0
    elementGroup: -1
    textureGroup: -1
  - _indices: d0000000d1000000d2000000d1000000d3000000d2000000
    _distinctIndices: d0000000d1000000d2000000d3000000
    _edges:
    - x: 208
      y: 209
    - x: 210
      y: 208
    - x: 209
      y: 211
    - x: 211
      y: 210
    _smoothingGroup: 0
    _uv:
      useWorldSpace: 0
      flipU: 0
      flipV: 0
      swapUV: 0
      fill: 1
      scale: {x: 1, y: 1}
      offset: {x: 0, y: 0}
      rotation: 0
      justify: 0
      localPivot: {x: -0.5120068, y: 0.034445483}
      localSize: {x: 0, y: 0}
      anchor: 9
    _mat: {fileID: 2100000, guid: 3eeab8931c8bffc4da56ef417f881c5c, type: 2}
    manualUV: 0
    elementGroup: -1
    textureGroup: -1
  - _indices: d4000000d5000000d6000000d5000000d7000000d6000000
    _distinctIndices: d4000000d5000000d6000000d7000000
    _edges:
    - x: 212
      y: 213
    - x: 214
      y: 212
    - x: 213
      y: 215
    - x: 215
      y: 214
    _smoothingGroup: 0
    _uv:
      useWorldSpace: 0
      flipU: 0
      flipV: 0
      swapUV: 0
      fill: 1
      scale: {x: 1, y: 1}
      offset: {x: 0, y: 0}
      rotation: 0
      justify: 0
      localPivot: {x: -0.375, y: -0.5120066}
      localSize: {x: 0, y: 0}
      anchor: 9
    _mat: {fileID: 2100000, guid: 0b226ee5d2231df45a438054283a323d, type: 2}
    manualUV: 0
    elementGroup: -1
    textureGroup: -1
  _sharedIndices:
  - array: 000000000d0000004a00000053000000
  - array: 160000004800000051000000
  - array: 01000000040000003a0000004b000000
  - array: 170000003800000049000000
  - array: 020000000f0000003f0000004e000000
  - array: 100000008f0000009c000000a5000000
  - array: 8a000000be000000c7000000
  - array: ae000000b7000000bc000000c5000000
  - array: 9e000000a7000000ac000000b5000000
  - array: 5a0000005f0000008d000000980000009d000000
  - array: 88000000bf000000cc000000d5000000
  - array: ba000000ce000000d7000000
  - array: aa000000af000000bd000000c8000000cd000000
  - array: b8000000ca000000cf000000
  - array: 9a0000009f000000a8000000ad000000
  - array: 3d0000004c000000580000005d000000
  - array: 03000000060000003e00000047000000
  - array: 1100000092000000a1000000a4000000
  - array: 8b000000c3000000c6000000
  - array: b3000000b6000000c1000000c4000000
  - array: a3000000a6000000b1000000b4000000
  - array: 5b000000620000009000000099000000a0000000
  - array: 89000000c2000000d1000000d4000000
  - array: bb000000d3000000d6000000
  - array: ab000000b2000000c0000000c9000000d0000000
  - array: b9000000cb000000d2000000
  - array: 9b000000a2000000a9000000b0000000
  - array: 3c000000450000005900000060000000
  - array: 050000003b00000042000000
  - array: 15000000180000001d0000003900000040000000
  - array: 080000002a0000002f000000
  - array: 1a0000001f000000280000002d000000
  - array: 070000004300000046000000
  - array: 130000009300000096000000
  - array: 63000000660000009100000094000000
  - array: 1c0000002500000041000000440000006100000064000000
  - array: 0a0000002e0000007100000074000000
  - array: 370000008300000086000000
  - array: 73000000760000008100000084000000
  - array: 1e000000270000002c0000006900000070000000
  - array: 350000007b00000082000000
  - array: 6b000000720000007900000080000000
  - array: 090000002b00000032000000
  - array: 1b000000220000002900000030000000
  - array: 0c0000005200000057000000
  - array: 1400000019000000200000005000000055000000
  - array: 0b000000330000006c00000075000000
  - array: 360000007e00000087000000
  - array: 6e000000770000007c00000085000000
  - array: 230000002600000031000000680000006d000000
  - array: 340000007a0000007f000000
  - array: 6a0000006f000000780000007d000000
  - array: 0e0000004f00000056000000
  - array: 120000008e00000097000000
  - array: 5e000000670000008c00000095000000
  - array: 21000000240000004d000000540000005c00000065000000
  _vertices:
  - {x: 0.078461975, y: 0.049651347, z: -0.5348141}
  - {x: 0.671538, y: 0.049651347, z: -0.5348141}
  - {x: 0.078461975, y: 0.2003484, z: -0.5348141}
  - {x: 0.671538, y: 0.2003484, z: -0.5348141}
  - {x: 0.671538, y: 0.049651347, z: -0.5348141}
  - {x: 0.671538, y: 0.049651347, z: -0.9301718}
  - {x: 0.671538, y: 0.2003484, z: -0.5348141}
  - {x: 0.671538, y: 0.2003484, z: -0.9301718}
  - {x: 0.63049185, y: 0.06594769, z: -1.0569856}
  - {x: 0.11950815, y: 0.06594769, z: -1.0569856}
  - {x: 0.63049185, y: 0.18405208, z: -1.0569856}
  - {x: 0.11950815, y: 0.18405208, z: -1.0569856}
  - {x: 0.078461975, y: 0.049651347, z: -0.9301718}
  - {x: 0.078461975, y: 0.049651347, z: -0.5348141}
  - {x: 0.078461975, y: 0.2003484, z: -0.9301718}
  - {x: 0.078461975, y: 0.2003484, z: -0.5348141}
  - {x: 0.3372965, y: 0.2667114, z: -0.49996185}
  - {x: 0.42388758, y: 0.2667114, z: -0.49996185}
  - {x: 0.3372965, y: 0.2667114, z: -0.99996185}
  - {x: 0.42388758, y: 0.2667114, z: -0.99996185}
  - {x: 0, y: 0, z: -1}
  - {x: 0.75, y: 0, z: -1}
  - {x: 0, y: 0, z: -0.5}
  - {x: 0.75, y: 0, z: -0.5}
  - {x: 0.75, y: 0, z: -1}
  - {x: 0, y: 0, z: -1}
  - {x: 0.75, y: 0, z: -1.0001}
  - {x: 0, y: 0, z: -1.0001}
  - {x: 0.75, y: 0.24999976, z: -1}
  - {x: 0.75, y: 0, z: -1}
  - {x: 0.75, y: 0.24999976, z: -1.0001}
  - {x: 0.75, y: 0, z: -1.0001}
  - {x: 0, y: 0, z: -1}
  - {x: 0, y: 0.24999976, z: -1}
  - {x: 0, y: 0, z: -1.0001}
  - {x: 0, y: 0.24999976, z: -1.0001}
  - {x: 0, y: 0.24999976, z: -1}
  - {x: 0.75, y: 0.24999976, z: -1}
  - {x: 0, y: 0.24999976, z: -1.0001}
  - {x: 0.75, y: 0.24999976, z: -1.0001}
  - {x: 0.75, y: 0, z: -1.0001}
  - {x: 0, y: 0, z: -1.0001}
  - {x: 0.63049185, y: 0.06594769, z: -1.0569856}
  - {x: 0.11950815, y: 0.06594769, z: -1.0569856}
  - {x: 0.75, y: 0.24999976, z: -1.0001}
  - {x: 0.75, y: 0, z: -1.0001}
  - {x: 0.63049185, y: 0.18405208, z: -1.0569856}
  - {x: 0.63049185, y: 0.06594769, z: -1.0569856}
  - {x: 0, y: 0, z: -1.0001}
  - {x: 0, y: 0.24999976, z: -1.0001}
  - {x: 0.11950815, y: 0.06594769, z: -1.0569856}
  - {x: 0.11950815, y: 0.18405208, z: -1.0569856}
  - {x: 0.3376109, y: 0.26668775, z: -1.0002133}
  - {x: 0.42008168, y: 0.26668775, z: -1.0002133}
  - {x: 0.33287323, y: 0.24415824, z: -1.0570989}
  - {x: 0.4376133, y: 0.24415824, z: -1.0570989}
  - {x: 0.75, y: 0, z: -0.5}
  - {x: 0.75, y: 0, z: -1}
  - {x: 0.671538, y: 0.049651347, z: -0.5348141}
  - {x: 0.671538, y: 0.049651347, z: -0.9301718}
  - {x: 0.75, y: 0.24999976, z: -0.5}
  - {x: 0, y: 0.24999976, z: -0.5}
  - {x: 0.671538, y: 0.2003484, z: -0.5348141}
  - {x: 0.078461975, y: 0.2003484, z: -0.5348141}
  - {x: 0.75, y: 0, z: -1}
  - {x: 0.75, y: 0.24999976, z: -1}
  - {x: 0.671538, y: 0.049651347, z: -0.9301718}
  - {x: 0.671538, y: 0.2003484, z: -0.9301718}
  - {x: 0.75, y: 0.24999976, z: -1}
  - {x: 0.75, y: 0.24999976, z: -0.5}
  - {x: 0.671538, y: 0.2003484, z: -0.9301718}
  - {x: 0.671538, y: 0.2003484, z: -0.5348141}
  - {x: 0, y: 0, z: -0.5}
  - {x: 0.75, y: 0, z: -0.5}
  - {x: 0.078461975, y: 0.049651347, z: -0.5348141}
  - {x: 0.671538, y: 0.049651347, z: -0.5348141}
  - {x: 0, y: 0.24999976, z: -0.5}
  - {x: 0, y: 0.24999976, z: -1}
  - {x: 0.078461975, y: 0.2003484, z: -0.5348141}
  - {x: 0.078461975, y: 0.2003484, z: -0.9301718}
  - {x: 0, y: 0, z: -1}
  - {x: 0, y: 0, z: -0.5}
  - {x: 0.078461975, y: 0.049651347, z: -0.9301718}
  - {x: 0.078461975, y: 0.049651347, z: -0.5348141}
  - {x: 0, y: 0.24999976, z: -1}
  - {x: 0, y: 0, z: -1}
  - {x: 0.078461975, y: 0.2003484, z: -0.9301718}
  - {x: 0.078461975, y: 0.049651347, z: -0.9301718}
  - {x: 0, y: 0.24999976, z: -0.5}
  - {x: 0.75, y: 0.24999976, z: -0.5}
  - {x: 0.2762634, y: 0.25009975, z: -0.5}
  - {x: 0.4737366, y: 0.25009975, z: -0.5}
  - {x: 0, y: 0.24999976, z: -1}
  - {x: 0, y: 0.24999976, z: -0.5}
  - {x: 0.2762634, y: 0.25009975, z: -1}
  - {x: 0.2762634, y: 0.25009975, z: -0.5}
  - {x: 0.75, y: 0.24999976, z: -0.5}
  - {x: 0.75, y: 0.24999976, z: -1}
  - {x: 0.4737366, y: 0.25009975, z: -0.5}
  - {x: 0.4737366, y: 0.25009975, z: -1}
  - {x: 0.75, y: 0.24999976, z: -1}
  - {x: 0, y: 0.24999976, z: -1}
  - {x: 0.4737366, y: 0.25009975, z: -1}
  - {x: 0.2762634, y: 0.25009975, z: -1}
  - {x: 0, y: 0.24999976, z: -1.0001}
  - {x: 0.75, y: 0.24999976, z: -1.0001}
  - {x: 0.2850032, y: 0.2500651, z: -1.0001757}
  - {x: 0.47307986, y: 0.2500651, z: -1.0001757}
  - {x: 0.11950815, y: 0.18405208, z: -1.0569856}
  - {x: 0, y: 0.24999976, z: -1.0001}
  - {x: 0.26617607, y: 0.18411739, z: -1.0570613}
  - {x: 0.2850032, y: 0.2500651, z: -1.0001757}
  - {x: 0.75, y: 0.24999976, z: -1.0001}
  - {x: 0.63049185, y: 0.18405208, z: -1.0569856}
  - {x: 0.47307986, y: 0.2500651, z: -1.0001757}
  - {x: 0.50503844, y: 0.18411739, z: -1.0570613}
  - {x: 0.63049185, y: 0.18405208, z: -1.0569856}
  - {x: 0.11950815, y: 0.18405208, z: -1.0569856}
  - {x: 0.50503844, y: 0.18411739, z: -1.0570613}
  - {x: 0.26617607, y: 0.18411739, z: -1.0570613}
  - {x: 0.2850032, y: 0.2500651, z: -1.0001757}
  - {x: 0.47307986, y: 0.2500651, z: -1.0001757}
  - {x: 0.3376109, y: 0.26668775, z: -1.0002133}
  - {x: 0.42008168, y: 0.26668775, z: -1.0002133}
  - {x: 0.26617607, y: 0.18411739, z: -1.0570613}
  - {x: 0.2850032, y: 0.2500651, z: -1.0001757}
  - {x: 0.33287323, y: 0.24415824, z: -1.0570989}
  - {x: 0.3376109, y: 0.26668775, z: -1.0002133}
  - {x: 0.47307986, y: 0.2500651, z: -1.0001757}
  - {x: 0.50503844, y: 0.18411739, z: -1.0570613}
  - {x: 0.42008168, y: 0.26668775, z: -1.0002133}
  - {x: 0.4376133, y: 0.24415824, z: -1.0570989}
  - {x: 0.50503844, y: 0.18411739, z: -1.0570613}
  - {x: 0.26617607, y: 0.18411739, z: -1.0570613}
  - {x: 0.4376133, y: 0.24415824, z: -1.0570989}
  - {x: 0.33287323, y: 0.24415824, z: -1.0570989}
  - {x: 0.27626324, y: 0.023845933, z: -0.49247313}
  - {x: 0.47373676, y: 0.023845933, z: -0.49247313}
  - {x: 0.3372965, y: 0.01944711, z: -0.4764514}
  - {x: 0.42388725, y: 0.01944711, z: -0.4764514}
  - {x: 0.2762634, y: 0.25009975, z: -1}
  - {x: 0.2762634, y: 0.25009975, z: -0.5}
  - {x: 0.3372965, y: 0.2667114, z: -0.99996185}
  - {x: 0.3372965, y: 0.2667114, z: -0.49996185}
  - {x: 0.4737366, y: 0.25009975, z: -0.5}
  - {x: 0.4737366, y: 0.25009975, z: -1}
  - {x: 0.42388758, y: 0.2667114, z: -0.49996185}
  - {x: 0.42388758, y: 0.2667114, z: -0.99996185}
  - {x: 0.4737366, y: 0.25009975, z: -1}
  - {x: 0.2762634, y: 0.25009975, z: -1}
  - {x: 0.42388758, y: 0.2667114, z: -0.99996185}
  - {x: 0.3372965, y: 0.2667114, z: -0.99996185}
  - {x: 0.2762634, y: 0.25009975, z: -0.5}
  - {x: 0.4737366, y: 0.25009975, z: -0.5}
  - {x: 0.27626324, y: 0.21889257, z: -0.4924736}
  - {x: 0.47373676, y: 0.21889257, z: -0.4924736}
  - {x: 0.3372965, y: 0.2667114, z: -0.49996185}
  - {x: 0.2762634, y: 0.25009975, z: -0.5}
  - {x: 0.3372965, y: 0.21449375, z: -0.47645187}
  - {x: 0.27626324, y: 0.21889257, z: -0.4924736}
  - {x: 0.4737366, y: 0.25009975, z: -0.5}
  - {x: 0.42388758, y: 0.2667114, z: -0.49996185}
  - {x: 0.47373676, y: 0.21889257, z: -0.4924736}
  - {x: 0.42388725, y: 0.21449375, z: -0.47645187}
  - {x: 0.42388758, y: 0.2667114, z: -0.49996185}
  - {x: 0.3372965, y: 0.2667114, z: -0.49996185}
  - {x: 0.42388725, y: 0.21449375, z: -0.47645187}
  - {x: 0.3372965, y: 0.21449375, z: -0.47645187}
  - {x: 0.27626324, y: 0.21889257, z: -0.4924736}
  - {x: 0.47373676, y: 0.21889257, z: -0.4924736}
  - {x: 0.27626324, y: 0.04504527, z: -0.49247336}
  - {x: 0.47373676, y: 0.04504527, z: -0.49247336}
  - {x: 0.3372965, y: 0.21449375, z: -0.47645187}
  - {x: 0.27626324, y: 0.21889257, z: -0.4924736}
  - {x: 0.3372965, y: 0.04064645, z: -0.47645164}
  - {x: 0.27626324, y: 0.04504527, z: -0.49247336}
  - {x: 0.47373676, y: 0.21889257, z: -0.4924736}
  - {x: 0.42388725, y: 0.21449375, z: -0.47645187}
  - {x: 0.47373676, y: 0.04504527, z: -0.49247336}
  - {x: 0.42388725, y: 0.04064645, z: -0.47645164}
  - {x: 0.42388725, y: 0.21449375, z: -0.47645187}
  - {x: 0.3372965, y: 0.21449375, z: -0.47645187}
  - {x: 0.42388725, y: 0.04064645, z: -0.47645164}
  - {x: 0.3372965, y: 0.04064645, z: -0.47645164}
  - {x: 0.27626324, y: 0.045045033, z: -0.5315405}
  - {x: 0.47373676, y: 0.045045033, z: -0.5315405}
  - {x: 0.27626324, y: 0.023845695, z: -0.5315403}
  - {x: 0.47373676, y: 0.023845695, z: -0.5315403}
  - {x: 0.3372965, y: 0.04064645, z: -0.47645164}
  - {x: 0.27626324, y: 0.04504527, z: -0.49247336}
  - {x: 0.3372965, y: 0.01944711, z: -0.4764514}
  - {x: 0.27626324, y: 0.023845933, z: -0.49247313}
  - {x: 0.47373676, y: 0.04504527, z: -0.49247336}
  - {x: 0.42388725, y: 0.04064645, z: -0.47645164}
  - {x: 0.47373676, y: 0.023845933, z: -0.49247313}
  - {x: 0.42388725, y: 0.01944711, z: -0.4764514}
  - {x: 0.42388725, y: 0.04064645, z: -0.47645164}
  - {x: 0.3372965, y: 0.04064645, z: -0.47645164}
  - {x: 0.42388725, y: 0.01944711, z: -0.4764514}
  - {x: 0.3372965, y: 0.01944711, z: -0.4764514}
  - {x: 0.27626324, y: 0.04504527, z: -0.49247336}
  - {x: 0.47373676, y: 0.04504527, z: -0.49247336}
  - {x: 0.27626324, y: 0.045045033, z: -0.5315405}
  - {x: 0.47373676, y: 0.045045033, z: -0.5315405}
  - {x: 0.27626324, y: 0.023845933, z: -0.49247313}
  - {x: 0.27626324, y: 0.04504527, z: -0.49247336}
  - {x: 0.27626324, y: 0.023845695, z: -0.5315403}
  - {x: 0.27626324, y: 0.045045033, z: -0.5315405}
  - {x: 0.47373676, y: 0.04504527, z: -0.49247336}
  - {x: 0.47373676, y: 0.023845933, z: -0.49247313}
  - {x: 0.47373676, y: 0.045045033, z: -0.5315405}
  - {x: 0.47373676, y: 0.023845695, z: -0.5315403}
  - {x: 0.47373676, y: 0.023845933, z: -0.49247313}
  - {x: 0.27626324, y: 0.023845933, z: -0.49247313}
  - {x: 0.47373676, y: 0.023845695, z: -0.5315403}
  - {x: 0.27626324, y: 0.023845695, z: -0.5315403}
  _uv:
  - {x: -0.078461975, y: 0.049651347}
  - {x: -0.671538, y: 0.049651347}
  - {x: -0.078461975, y: 0.2003484}
  - {x: -0.671538, y: 0.2003484}
  - {x: -0.5348141, y: 0.049651347}
  - {x: -0.9301718, y: 0.049651347}
  - {x: -0.5348141, y: 0.2003484}
  - {x: -0.9301718, y: 0.2003484}
  - {x: 0.63049185, y: 0.06594769}
  - {x: 0.11950815, y: 0.06594769}
  - {x: 0.63049185, y: 0.18405208}
  - {x: 0.11950815, y: 0.18405208}
  - {x: 0.9301718, y: 0.049651347}
  - {x: 0.5348141, y: 0.049651347}
  - {x: 0.9301718, y: 0.2003484}
  - {x: 0.5348141, y: 0.2003484}
  - {x: 0.3372965, y: -0.49996185}
  - {x: 0.42388758, y: -0.49996185}
  - {x: 0.3372965, y: -0.99996185}
  - {x: 0.42388758, y: -0.99996185}
  - {x: 0, y: -1}
  - {x: -0.75, y: -1}
  - {x: 0, y: -0.5}
  - {x: -0.75, y: -0.5}
  - {x: -0.75, y: -1}
  - {x: 0, y: -1}
  - {x: -0.75, y: -1.0001}
  - {x: 0, y: -1.0001}
  - {x: -1, y: 0.24999976}
  - {x: -1, y: 0}
  - {x: -1.0001, y: 0.24999976}
  - {x: -1.0001, y: 0}
  - {x: 1, y: 0}
  - {x: 1, y: 0.24999976}
  - {x: 1.0001, y: 0}
  - {x: 1.0001, y: 0.24999976}
  - {x: 0, y: -1}
  - {x: 0.75, y: -1}
  - {x: 0, y: -1.0001}
  - {x: 0.75, y: -1.0001}
  - {x: 0.75, y: 0.65322983}
  - {x: 0, y: 0.65322983}
  - {x: 0.63049185, y: 0.7403221}
  - {x: 0.11950815, y: 0.7403221}
  - {x: 0.24736144, y: 0.24999976}
  - {x: 0.24736144, y: 0}
  - {x: 0.11500522, y: 0.18405208}
  - {x: 0.11500522, y: 0.06594769}
  - {x: 0.42983463, y: 0}
  - {x: 0.42983463, y: 0.24999976}
  - {x: 0.5621909, y: 0.06594769}
  - {x: 0.5621909, y: 0.18405208}
  - {x: 0.3376109, y: -0.8317358}
  - {x: 0.42008168, y: -0.8317358}
  - {x: 0.33287323, y: -0.8929204}
  - {x: 0.4376133, y: -0.8929204}
  - {x: 0.6337649, y: -0.5}
  - {x: 0.6337649, y: -1}
  - {x: 0.5409126, y: -0.5348141}
  - {x: 0.5409126, y: -0.9301718}
  - {x: -0.75, y: -0.08235793}
  - {x: 0, y: -0.08235793}
  - {x: -0.671538, y: -0.14299852}
  - {x: -0.078461975, y: -0.14299852}
  - {x: -1.22507, y: 0}
  - {x: -1.22507, y: 0.24999976}
  - {x: -1.1200354, y: 0.049651347}
  - {x: -1.1200354, y: 0.2003484}
  - {x: -0.7674485, y: -1}
  - {x: -0.7674485, y: -0.5}
  - {x: -0.6745962, y: -0.9301718}
  - {x: -0.6745962, y: -0.5348141}
  - {x: 0, y: 0.28705305}
  - {x: -0.75, y: 0.28705305}
  - {x: -0.078461975, y: 0.34769362}
  - {x: -0.671538, y: 0.34769362}
  - {x: 0.13368365, y: -0.5}
  - {x: 0.13368365, y: -1}
  - {x: 0.040831417, y: -0.5348141}
  - {x: 0.040831417, y: -0.9301718}
  - {x: 0, y: -1}
  - {x: 0, y: -0.5}
  - {x: 0.092852235, y: -0.9301718}
  - {x: 0.092852235, y: -0.5348141}
  - {x: 0.66481173, y: 0.24999976}
  - {x: 0.66481173, y: 0}
  - {x: 0.55977714, y: 0.2003484}
  - {x: 0.55977714, y: 0.049651347}
  - {x: 0, y: 0.24999976}
  - {x: -0.75, y: 0.24999976}
  - {x: -0.2762634, y: 0.25009975}
  - {x: -0.4737366, y: 0.25009975}
  - {x: 0.00009048131, y: -1}
  - {x: 0.00009048131, y: -0.5}
  - {x: 0.2763539, y: -1}
  - {x: 0.2763539, y: -0.5}
  - {x: 0.74990946, y: -0.5}
  - {x: 0.74990946, y: -1}
  - {x: 0.47364607, y: -0.5}
  - {x: 0.47364607, y: -1}
  - {x: 0.75, y: 0.24999976}
  - {x: 0, y: 0.24999976}
  - {x: 0.4737366, y: 0.25009975}
  - {x: 0.2762634, y: 0.25009975}
  - {x: 0, y: -0.9204749}
  - {x: 0.75, y: -0.9204749}
  - {x: 0.2850032, y: -0.9205749}
  - {x: 0.47307986, y: -0.9205749}
  - {x: 0.12045886, y: -0.5500864}
  - {x: 0.00089959457, y: -0.46306425}
  - {x: 0.2671268, y: -0.5500002}
  - {x: 0.28590274, y: -0.46289685}
  - {x: 0.7495233, y: -0.46370313}
  - {x: 0.629988, y: -0.5507582}
  - {x: 0.4726031, y: -0.46361688}
  - {x: 0.50453454, y: -0.55071914}
  - {x: -0.63049185, y: -0.92051685}
  - {x: -0.11950815, y: -0.92051685}
  - {x: -0.50503844, y: -0.92061687}
  - {x: -0.26617607, y: -0.92061687}
  - {x: -0.2850032, y: 0.25232387}
  - {x: -0.47307986, y: 0.25232387}
  - {x: -0.3376109, y: 0.2689466}
  - {x: -0.42008168, y: 0.2689466}
  - {x: 0.3209995, y: -0.91264486}
  - {x: 0.37912408, y: -0.8451092}
  - {x: 0.41074032, y: -0.91268945}
  - {x: 0.4293384, y: -0.8574604}
  - {x: 0.3763195, y: -0.4694899}
  - {x: 0.4265834, y: -0.547464}
  - {x: 0.32077566, y: -0.46954137}
  - {x: 0.3442565, y: -0.52214587}
  - {x: 0.50503844, y: 0.18477847}
  - {x: 0.26617607, y: 0.18477847}
  - {x: 0.4376133, y: 0.24481933}
  - {x: 0.33287323, y: 0.24481933}
  - {x: -0.27626324, y: -0.4812128}
  - {x: -0.47373676, y: -0.4812128}
  - {x: -0.3372965, y: -0.46459818}
  - {x: -0.42388725, y: -0.46459818}
  - {x: 0.33224776, y: -1}
  - {x: 0.33224776, y: -0.5}
  - {x: 0.3955011, y: -0.99996185}
  - {x: 0.3955011, y: -0.49996185}
  - {x: 0.37037024, y: -0.5}
  - {x: 0.37037024, y: -1}
  - {x: 0.3178262, y: -0.49996185}
  - {x: 0.3178262, y: -0.99996185}
  - {x: 0.4737366, y: 0.2478027}
  - {x: 0.2762634, y: 0.2478027}
  - {x: 0.42388758, y: 0.2644144}
  - {x: 0.3372965, y: 0.2644144}
  - {x: 0.2762634, y: 0.36035535}
  - {x: 0.4737366, y: 0.36035535}
  - {x: 0.27626324, y: 0.32825342}
  - {x: 0.47373676, y: 0.32825342}
  - {x: -0.2736502, y: 0.4627693}
  - {x: -0.21307017, y: 0.44457456}
  - {x: -0.27652413, y: 0.4055754}
  - {x: -0.21399006, y: 0.41303506}
  - {x: -0.5126194, y: 0.3506993}
  - {x: -0.46293056, y: 0.3677842}
  - {x: -0.5120109, y: 0.31860316}
  - {x: -0.461029, y: 0.31153592}
  - {x: -0.42388758, y: 0.44845292}
  - {x: -0.3372965, y: 0.44845292}
  - {x: -0.42388725, y: 0.39118683}
  - {x: -0.3372965, y: 0.39118683}
  - {x: 0.27626324, y: 0.21889324}
  - {x: 0.47373676, y: 0.21889324}
  - {x: 0.27626324, y: 0.045045946}
  - {x: 0.47373676, y: 0.045045946}
  - {x: -0.20526925, y: 0.21449448}
  - {x: -0.1421681, y: 0.2188933}
  - {x: -0.2052693, y: 0.040647175}
  - {x: -0.14216816, y: 0.045045998}
  - {x: -0.60170454, y: 0.21889299}
  - {x: -0.5493436, y: 0.21449417}
  - {x: -0.6017045, y: 0.045045696}
  - {x: -0.5493435, y: 0.040646873}
  - {x: -0.42388725, y: 0.2144944}
  - {x: -0.3372965, y: 0.2144944}
  - {x: -0.42388725, y: 0.0406471}
  - {x: -0.3372965, y: 0.0406471}
  - {x: 0.27626324, y: 0.045051012}
  - {x: 0.47373676, y: 0.045051012}
  - {x: 0.27626324, y: 0.023851672}
  - {x: 0.47373676, y: 0.023851672}
  - {x: -0.20526965, y: 0.040652394}
  - {x: -0.1421685, y: 0.045051217}
  - {x: -0.20526971, y: 0.019453054}
  - {x: -0.14216857, y: 0.023851877}
  - {x: -0.6017042, y: 0.04504874}
  - {x: -0.5493432, y: 0.040649917}
  - {x: -0.6017041, y: 0.023849402}
  - {x: -0.54934317, y: 0.019450579}
  - {x: -0.42388725, y: 0.040651806}
  - {x: -0.3372965, y: 0.040651806}
  - {x: -0.42388725, y: 0.01945247}
  - {x: -0.3372965, y: 0.01945247}
  - {x: 0.27626324, y: -0.4924731}
  - {x: 0.47373676, y: -0.4924731}
  - {x: 0.27626324, y: -0.5315402}
  - {x: 0.47373676, y: -0.5315402}
  - {x: 0.49247313, y: 0.023845933}
  - {x: 0.49247336, y: 0.04504527}
  - {x: 0.5315403, y: 0.023845695}
  - {x: 0.5315405, y: 0.045045033}
  - {x: -0.49247336, y: 0.04504527}
  - {x: -0.49247313, y: 0.023845933}
  - {x: -0.5315405, y: 0.045045033}
  - {x: -0.5315403, y: 0.023845695}
  - {x: -0.47373676, y: -0.49247298}
  - {x: -0.27626324, y: -0.49247298}
  - {x: -0.47373676, y: -0.53154016}
  - {x: -0.27626324, y: -0.53154016}
  _uv3:
  - {x: 0, y: 0, z: 0, w: 0}
  - {x: 0, y: 0, z: 0, w: 0}
  - {x: 0, y: 0, z: 0, w: 0}
  - {x: 0, y: 0, z: 0, w: 0}
  - {x: 0, y: 0, z: 0, w: 0}
  - {x: 0, y: 0, z: 0, w: 0}
  - {x: 0, y: 0, z: 0, w: 0}
  - {x: 0, y: 0, z: 0, w: 0}
  - {x: 0, y: 0, z: 0, w: 0}
  - {x: 0, y: 0, z: 0, w: 0}
  - {x: 0, y: 0, z: 0, w: 0}
  - {x: 0, y: 0, z: 0, w: 0}
  - {x: 0, y: 0, z: 0, w: 0}
  - {x: 0, y: 0, z: 0, w: 0}
  - {x: 0, y: 0, z: 0, w: 0}
  - {x: 0, y: 0, z: 0, w: 0}
  - {x: 0, y: 0, z: 0, w: 0}
  - {x: 0, y: 0, z: 0, w: 0}
  - {x: 0, y: 0, z: 0, w: 0}
  - {x: 0, y: 0, z: 0, w: 0}
  - {x: 0, y: 0, z: 0, w: 0}
  - {x: 0, y: 0, z: 0, w: 0}
  - {x: 0, y: 0, z: 0, w: 0}
  - {x: 0, y: 0, z: 0, w: 0}
  - {x: 0, y: 0, z: 0, w: 0}
  - {x: 0, y: 0, z: 0, w: 0}
  - {x: 0, y: 0, z: 0, w: 0}
  - {x: 0, y: 0, z: 0, w: 0}
  - {x: 0, y: 0, z: 0, w: 0}
  - {x: 0, y: 0, z: 0, w: 0}
  - {x: 0, y: 0, z: 0, w: 0}
  - {x: 0, y: 0, z: 0, w: 0}
  - {x: 0, y: 0, z: 0, w: 0}
  - {x: 0, y: 0, z: 0, w: 0}
  - {x: 0, y: 0, z: 0, w: 0}
  - {x: 0, y: 0, z: 0, w: 0}
  - {x: 0, y: 0, z: 0, w: 0}
  - {x: 0, y: 0, z: 0, w: 0}
  - {x: 0, y: 0, z: 0, w: 0}
  - {x: 0, y: 0, z: 0, w: 0}
  - {x: 0, y: 0, z: 0, w: 0}
  - {x: 0, y: 0, z: 0, w: 0}
  - {x: 0, y: 0, z: 0, w: 0}
  - {x: 0, y: 0, z: 0, w: 0}
  - {x: 0, y: 0, z: 0, w: 0}
  - {x: 0, y: 0, z: 0, w: 0}
  - {x: 0, y: 0, z: 0, w: 0}
  - {x: 0, y: 0, z: 0, w: 0}
  - {x: 0, y: 0, z: 0, w: 0}
  - {x: 0, y: 0, z: 0, w: 0}
  - {x: 0, y: 0, z: 0, w: 0}
  - {x: 0, y: 0, z: 0, w: 0}
  - {x: 0, y: 0, z: 0, w: 0}
  - {x: 0, y: 0, z: 0, w: 0}
  - {x: 0, y: 0, z: 0, w: 0}
  - {x: 0, y: 0, z: 0, w: 0}
  - {x: 0, y: 0, z: 0, w: 0}
  - {x: 0, y: 0, z: 0, w: 0}
  - {x: 0, y: 0, z: 0, w: 0}
  - {x: 0, y: 0, z: 0, w: 0}
  - {x: 0, y: 0, z: 0, w: 0}
  - {x: 0, y: 0, z: 0, w: 0}
  - {x: 0, y: 0, z: 0, w: 0}
  - {x: 0, y: 0, z: 0, w: 0}
  - {x: 0, y: 0, z: 0, w: 0}
  - {x: 0, y: 0, z: 0, w: 0}
  - {x: 0, y: 0, z: 0, w: 0}
  - {x: 0, y: 0, z: 0, w: 0}
  - {x: 0, y: 0, z: 0, w: 0}
  - {x: 0, y: 0, z: 0, w: 0}
  - {x: 0, y: 0, z: 0, w: 0}
  - {x: 0, y: 0, z: 0, w: 0}
  - {x: 0, y: 0, z: 0, w: 0}
  - {x: 0, y: 0, z: 0, w: 0}
  - {x: 0, y: 0, z: 0, w: 0}
  - {x: 0, y: 0, z: 0, w: 0}
  - {x: 0, y: 0, z: 0, w: 0}
  - {x: 0, y: 0, z: 0, w: 0}
  - {x: 0, y: 0, z: 0, w: 0}
  - {x: 0, y: 0, z: 0, w: 0}
  - {x: 0, y: 0, z: 0, w: 0}
  - {x: 0, y: 0, z: 0, w: 0}
  - {x: 0, y: 0, z: 0, w: 0}
  - {x: 0, y: 0, z: 0, w: 0}
  - {x: 0, y: 0, z: 0, w: 0}
  - {x: 0, y: 0, z: 0, w: 0}
  - {x: 0, y: 0, z: 0, w: 0}
  - {x: 0, y: 0, z: 0, w: 0}
  - {x: 0, y: 0, z: 0, w: 0}
  - {x: 0, y: 0, z: 0, w: 0}
  - {x: 0, y: 0, z: 0, w: 0}
  - {x: 0, y: 0, z: 0, w: 0}
  - {x: 0, y: 0, z: 0, w: 0}
  - {x: 0, y: 0, z: 0, w: 0}
  - {x: 0, y: 0, z: 0, w: 0}
  - {x: 0, y: 0, z: 0, w: 0}
  - {x: 0, y: 0, z: 0, w: 0}
  - {x: 0, y: 0, z: 0, w: 0}
  - {x: 0, y: 0, z: 0, w: 0}
  - {x: 0, y: 0, z: 0, w: 0}
  - {x: 0, y: 0, z: 0, w: 0}
  - {x: 0, y: 0, z: 0, w: 0}
  - {x: 0, y: 0, z: 0, w: 0}
  - {x: 0, y: 0, z: 0, w: 0}
  - {x: 0, y: 0, z: 0, w: 0}
  - {x: 0, y: 0, z: 0, w: 0}
  - {x: 0, y: 0, z: 0, w: 0}
  - {x: 0, y: 0, z: 0, w: 0}
  - {x: 0, y: 0, z: 0, w: 0}
  - {x: 0, y: 0, z: 0, w: 0}
  - {x: 0, y: 0, z: 0, w: 0}
  - {x: 0, y: 0, z: 0, w: 0}
  - {x: 0, y: 0, z: 0, w: 0}
  - {x: 0, y: 0, z: 0, w: 0}
  - {x: 0, y: 0, z: 0, w: 0}
  - {x: 0, y: 0, z: 0, w: 0}
  - {x: 0, y: 0, z: 0, w: 0}
  - {x: 0, y: 0, z: 0, w: 0}
  - {x: 0, y: 0, z: 0, w: 0}
  - {x: 0, y: 0, z: 0, w: 0}
  - {x: 0, y: 0, z: 0, w: 0}
  - {x: 0, y: 0, z: 0, w: 0}
  - {x: 0, y: 0, z: 0, w: 0}
  - {x: 0, y: 0, z: 0, w: 0}
  - {x: 0, y: 0, z: 0, w: 0}
  - {x: 0, y: 0, z: 0, w: 0}
  - {x: 0, y: 0, z: 0, w: 0}
  - {x: 0, y: 0, z: 0, w: 0}
  - {x: 0, y: 0, z: 0, w: 0}
  - {x: 0, y: 0, z: 0, w: 0}
  - {x: 0, y: 0, z: 0, w: 0}
  - {x: 0, y: 0, z: 0, w: 0}
  - {x: 0, y: 0, z: 0, w: 0}
  - {x: 0, y: 0, z: 0, w: 0}
  - {x: 0, y: 0, z: 0, w: 0}
  - {x: 0, y: 0, z: 0, w: 0}
  - {x: 0, y: 0, z: 0, w: 0}
  - {x: 0, y: 0, z: 0, w: 0}
  - {x: 0, y: 0, z: 0, w: 0}
  - {x: 0, y: 0, z: 0, w: 0}
  - {x: 0, y: 0, z: 0, w: 0}
  - {x: 0, y: 0, z: 0, w: 0}
  - {x: 0, y: 0, z: 0, w: 0}
  - {x: 0, y: 0, z: 0, w: 0}
  - {x: 0, y: 0, z: 0, w: 0}
  - {x: 0, y: 0, z: 0, w: 0}
  - {x: 0, y: 0, z: 0, w: 0}
  - {x: 0, y: 0, z: 0, w: 0}
  - {x: 0, y: 0, z: 0, w: 0}
  - {x: 0, y: 0, z: 0, w: 0}
  - {x: 0, y: 0, z: 0, w: 0}
  - {x: 0, y: 0, z: 0, w: 0}
  - {x: 0, y: 0, z: 0, w: 0}
  - {x: 0, y: 0, z: 0, w: 0}
  - {x: 0, y: 0, z: 0, w: 0}
  - {x: 0, y: 0, z: 0, w: 0}
  - {x: 0, y: 0, z: 0, w: 0}
  - {x: 0, y: 0, z: 0, w: 0}
  - {x: 0, y: 0, z: 0, w: 0}
  - {x: 0, y: 0, z: 0, w: 0}
  - {x: 0, y: 0, z: 0, w: 0}
  - {x: 0, y: 0, z: 0, w: 0}
  - {x: 0, y: 0, z: 0, w: 0}
  - {x: 0, y: 0, z: 0, w: 0}
  - {x: 0, y: 0, z: 0, w: 0}
  - {x: 0, y: 0, z: 0, w: 0}
  - {x: 0, y: 0, z: 0, w: 0}
  - {x: 0, y: 0, z: 0, w: 0}
  - {x: 0, y: 0, z: 0, w: 0}
  - {x: 0, y: 0, z: 0, w: 0}
  - {x: 0, y: 0, z: 0, w: 0}
  - {x: 0, y: 0, z: 0, w: 0}
  - {x: 0, y: 0, z: 0, w: 0}
  - {x: 0, y: 0, z: 0, w: 0}
  - {x: 0, y: 0, z: 0, w: 0}
  - {x: 0, y: 0, z: 0, w: 0}
  - {x: 0, y: 0, z: 0, w: 0}
  - {x: 0, y: 0, z: 0, w: 0}
  - {x: 0, y: 0, z: 0, w: 0}
  - {x: 0, y: 0, z: 0, w: 0}
  - {x: 0, y: 0, z: 0, w: 0}
  - {x: 0, y: 0, z: 0, w: 0}
  - {x: 0, y: 0, z: 0, w: 0}
  - {x: 0, y: 0, z: 0, w: 0}
  - {x: 0, y: 0, z: 0, w: 0}
  - {x: 0, y: 0, z: 0, w: 0}
  - {x: 0, y: 0, z: 0, w: 0}
  - {x: 0, y: 0, z: 0, w: 0}
  - {x: 0, y: 0, z: 0, w: 0}
  - {x: 0, y: 0, z: 0, w: 0}
  - {x: 0, y: 0, z: 0, w: 0}
  - {x: 0, y: 0, z: 0, w: 0}
  - {x: 0, y: 0, z: 0, w: 0}
  - {x: 0, y: 0, z: 0, w: 0}
  - {x: 0, y: 0, z: 0, w: 0}
  - {x: 0, y: 0, z: 0, w: 0}
  - {x: 0, y: 0, z: 0, w: 0}
  - {x: 0, y: 0, z: 0, w: 0}
  - {x: 0, y: 0, z: 0, w: 0}
  - {x: 0, y: 0, z: 0, w: 0}
  - {x: 0, y: 0, z: 0, w: 0}
  - {x: 0, y: 0, z: 0, w: 0}
  - {x: 0, y: 0, z: 0, w: 0}
  - {x: 0, y: 0, z: 0, w: 0}
  - {x: 0, y: 0, z: 0, w: 0}
  - {x: 0, y: 0, z: 0, w: 0}
  - {x: 0, y: 0, z: 0, w: 0}
  - {x: 0, y: 0, z: 0, w: 0}
  - {x: 0, y: 0, z: 0, w: 0}
  - {x: 0, y: 0, z: 0, w: 0}
  - {x: 0, y: 0, z: 0, w: 0}
  - {x: 0, y: 0, z: 0, w: 0}
  - {x: 0, y: 0, z: 0, w: 0}
  - {x: 0, y: 0, z: 0, w: 0}
  - {x: 0, y: 0, z: 0, w: 0}
  - {x: 0, y: 0, z: 0, w: 0}
  _uv4:
  - {x: 0, y: 0, z: 0, w: 0}
  - {x: 0, y: 0, z: 0, w: 0}
  - {x: 0, y: 0, z: 0, w: 0}
  - {x: 0, y: 0, z: 0, w: 0}
  - {x: 0, y: 0, z: 0, w: 0}
  - {x: 0, y: 0, z: 0, w: 0}
  - {x: 0, y: 0, z: 0, w: 0}
  - {x: 0, y: 0, z: 0, w: 0}
  - {x: 0, y: 0, z: 0, w: 0}
  - {x: 0, y: 0, z: 0, w: 0}
  - {x: 0, y: 0, z: 0, w: 0}
  - {x: 0, y: 0, z: 0, w: 0}
  - {x: 0, y: 0, z: 0, w: 0}
  - {x: 0, y: 0, z: 0, w: 0}
  - {x: 0, y: 0, z: 0, w: 0}
  - {x: 0, y: 0, z: 0, w: 0}
  - {x: 0, y: 0, z: 0, w: 0}
  - {x: 0, y: 0, z: 0, w: 0}
  - {x: 0, y: 0, z: 0, w: 0}
  - {x: 0, y: 0, z: 0, w: 0}
  - {x: 0, y: 0, z: 0, w: 0}
  - {x: 0, y: 0, z: 0, w: 0}
  - {x: 0, y: 0, z: 0, w: 0}
  - {x: 0, y: 0, z: 0, w: 0}
  - {x: 0, y: 0, z: 0, w: 0}
  - {x: 0, y: 0, z: 0, w: 0}
  - {x: 0, y: 0, z: 0, w: 0}
  - {x: 0, y: 0, z: 0, w: 0}
  - {x: 0, y: 0, z: 0, w: 0}
  - {x: 0, y: 0, z: 0, w: 0}
  - {x: 0, y: 0, z: 0, w: 0}
  - {x: 0, y: 0, z: 0, w: 0}
  - {x: 0, y: 0, z: 0, w: 0}
  - {x: 0, y: 0, z: 0, w: 0}
  - {x: 0, y: 0, z: 0, w: 0}
  - {x: 0, y: 0, z: 0, w: 0}
  - {x: 0, y: 0, z: 0, w: 0}
  - {x: 0, y: 0, z: 0, w: 0}
  - {x: 0, y: 0, z: 0, w: 0}
  - {x: 0, y: 0, z: 0, w: 0}
  - {x: 0, y: 0, z: 0, w: 0}
  - {x: 0, y: 0, z: 0, w: 0}
  - {x: 0, y: 0, z: 0, w: 0}
  - {x: 0, y: 0, z: 0, w: 0}
  - {x: 0, y: 0, z: 0, w: 0}
  - {x: 0, y: 0, z: 0, w: 0}
  - {x: 0, y: 0, z: 0, w: 0}
  - {x: 0, y: 0, z: 0, w: 0}
  - {x: 0, y: 0, z: 0, w: 0}
  - {x: 0, y: 0, z: 0, w: 0}
  - {x: 0, y: 0, z: 0, w: 0}
  - {x: 0, y: 0, z: 0, w: 0}
  - {x: 0, y: 0, z: 0, w: 0}
  - {x: 0, y: 0, z: 0, w: 0}
  - {x: 0, y: 0, z: 0, w: 0}
  - {x: 0, y: 0, z: 0, w: 0}
  - {x: 0, y: 0, z: 0, w: 0}
  - {x: 0, y: 0, z: 0, w: 0}
  - {x: 0, y: 0, z: 0, w: 0}
  - {x: 0, y: 0, z: 0, w: 0}
  - {x: 0, y: 0, z: 0, w: 0}
  - {x: 0, y: 0, z: 0, w: 0}
  - {x: 0, y: 0, z: 0, w: 0}
  - {x: 0, y: 0, z: 0, w: 0}
  - {x: 0, y: 0, z: 0, w: 0}
  - {x: 0, y: 0, z: 0, w: 0}
  - {x: 0, y: 0, z: 0, w: 0}
  - {x: 0, y: 0, z: 0, w: 0}
  - {x: 0, y: 0, z: 0, w: 0}
  - {x: 0, y: 0, z: 0, w: 0}
  - {x: 0, y: 0, z: 0, w: 0}
  - {x: 0, y: 0, z: 0, w: 0}
  - {x: 0, y: 0, z: 0, w: 0}
  - {x: 0, y: 0, z: 0, w: 0}
  - {x: 0, y: 0, z: 0, w: 0}
  - {x: 0, y: 0, z: 0, w: 0}
  - {x: 0, y: 0, z: 0, w: 0}
  - {x: 0, y: 0, z: 0, w: 0}
  - {x: 0, y: 0, z: 0, w: 0}
  - {x: 0, y: 0, z: 0, w: 0}
  - {x: 0, y: 0, z: 0, w: 0}
  - {x: 0, y: 0, z: 0, w: 0}
  - {x: 0, y: 0, z: 0, w: 0}
  - {x: 0, y: 0, z: 0, w: 0}
  - {x: 0, y: 0, z: 0, w: 0}
  - {x: 0, y: 0, z: 0, w: 0}
  - {x: 0, y: 0, z: 0, w: 0}
  - {x: 0, y: 0, z: 0, w: 0}
  - {x: 0, y: 0, z: 0, w: 0}
  - {x: 0, y: 0, z: 0, w: 0}
  - {x: 0, y: 0, z: 0, w: 0}
  - {x: 0, y: 0, z: 0, w: 0}
  - {x: 0, y: 0, z: 0, w: 0}
  - {x: 0, y: 0, z: 0, w: 0}
  - {x: 0, y: 0, z: 0, w: 0}
  - {x: 0, y: 0, z: 0, w: 0}
  - {x: 0, y: 0, z: 0, w: 0}
  - {x: 0, y: 0, z: 0, w: 0}
  - {x: 0, y: 0, z: 0, w: 0}
  - {x: 0, y: 0, z: 0, w: 0}
  - {x: 0, y: 0, z: 0, w: 0}
  - {x: 0, y: 0, z: 0, w: 0}
  - {x: 0, y: 0, z: 0, w: 0}
  - {x: 0, y: 0, z: 0, w: 0}
  - {x: 0, y: 0, z: 0, w: 0}
  - {x: 0, y: 0, z: 0, w: 0}
  - {x: 0, y: 0, z: 0, w: 0}
  - {x: 0, y: 0, z: 0, w: 0}
  - {x: 0, y: 0, z: 0, w: 0}
  - {x: 0, y: 0, z: 0, w: 0}
  - {x: 0, y: 0, z: 0, w: 0}
  - {x: 0, y: 0, z: 0, w: 0}
  - {x: 0, y: 0, z: 0, w: 0}
  - {x: 0, y: 0, z: 0, w: 0}
  - {x: 0, y: 0, z: 0, w: 0}
  - {x: 0, y: 0, z: 0, w: 0}
  - {x: 0, y: 0, z: 0, w: 0}
  - {x: 0, y: 0, z: 0, w: 0}
  - {x: 0, y: 0, z: 0, w: 0}
  - {x: 0, y: 0, z: 0, w: 0}
  - {x: 0, y: 0, z: 0, w: 0}
  - {x: 0, y: 0, z: 0, w: 0}
  - {x: 0, y: 0, z: 0, w: 0}
  - {x: 0, y: 0, z: 0, w: 0}
  - {x: 0, y: 0, z: 0, w: 0}
  - {x: 0, y: 0, z: 0, w: 0}
  - {x: 0, y: 0, z: 0, w: 0}
  - {x: 0, y: 0, z: 0, w: 0}
  - {x: 0, y: 0, z: 0, w: 0}
  - {x: 0, y: 0, z: 0, w: 0}
  - {x: 0, y: 0, z: 0, w: 0}
  - {x: 0, y: 0, z: 0, w: 0}
  - {x: 0, y: 0, z: 0, w: 0}
  - {x: 0, y: 0, z: 0, w: 0}
  - {x: 0, y: 0, z: 0, w: 0}
  - {x: 0, y: 0, z: 0, w: 0}
  - {x: 0, y: 0, z: 0, w: 0}
  - {x: 0, y: 0, z: 0, w: 0}
  - {x: 0, y: 0, z: 0, w: 0}
  - {x: 0, y: 0, z: 0, w: 0}
  - {x: 0, y: 0, z: 0, w: 0}
  - {x: 0, y: 0, z: 0, w: 0}
  - {x: 0, y: 0, z: 0, w: 0}
  - {x: 0, y: 0, z: 0, w: 0}
  - {x: 0, y: 0, z: 0, w: 0}
  - {x: 0, y: 0, z: 0, w: 0}
  - {x: 0, y: 0, z: 0, w: 0}
  - {x: 0, y: 0, z: 0, w: 0}
  - {x: 0, y: 0, z: 0, w: 0}
  - {x: 0, y: 0, z: 0, w: 0}
  - {x: 0, y: 0, z: 0, w: 0}
  - {x: 0, y: 0, z: 0, w: 0}
  - {x: 0, y: 0, z: 0, w: 0}
  - {x: 0, y: 0, z: 0, w: 0}
  - {x: 0, y: 0, z: 0, w: 0}
  - {x: 0, y: 0, z: 0, w: 0}
  - {x: 0, y: 0, z: 0, w: 0}
  - {x: 0, y: 0, z: 0, w: 0}
  - {x: 0, y: 0, z: 0, w: 0}
  - {x: 0, y: 0, z: 0, w: 0}
  - {x: 0, y: 0, z: 0, w: 0}
  - {x: 0, y: 0, z: 0, w: 0}
  - {x: 0, y: 0, z: 0, w: 0}
  - {x: 0, y: 0, z: 0, w: 0}
  - {x: 0, y: 0, z: 0, w: 0}
  - {x: 0, y: 0, z: 0, w: 0}
  - {x: 0, y: 0, z: 0, w: 0}
  - {x: 0, y: 0, z: 0, w: 0}
  - {x: 0, y: 0, z: 0, w: 0}
  - {x: 0, y: 0, z: 0, w: 0}
  - {x: 0, y: 0, z: 0, w: 0}
  - {x: 0, y: 0, z: 0, w: 0}
  - {x: 0, y: 0, z: 0, w: 0}
  - {x: 0, y: 0, z: 0, w: 0}
  - {x: 0, y: 0, z: 0, w: 0}
  - {x: 0, y: 0, z: 0, w: 0}
  - {x: 0, y: 0, z: 0, w: 0}
  - {x: 0, y: 0, z: 0, w: 0}
  - {x: 0, y: 0, z: 0, w: 0}
  - {x: 0, y: 0, z: 0, w: 0}
  - {x: 0, y: 0, z: 0, w: 0}
  - {x: 0, y: 0, z: 0, w: 0}
  - {x: 0, y: 0, z: 0, w: 0}
  - {x: 0, y: 0, z: 0, w: 0}
  - {x: 0, y: 0, z: 0, w: 0}
  - {x: 0, y: 0, z: 0, w: 0}
  - {x: 0, y: 0, z: 0, w: 0}
  - {x: 0, y: 0, z: 0, w: 0}
  - {x: 0, y: 0, z: 0, w: 0}
  - {x: 0, y: 0, z: 0, w: 0}
  - {x: 0, y: 0, z: 0, w: 0}
  - {x: 0, y: 0, z: 0, w: 0}
  - {x: 0, y: 0, z: 0, w: 0}
  - {x: 0, y: 0, z: 0, w: 0}
  - {x: 0, y: 0, z: 0, w: 0}
  - {x: 0, y: 0, z: 0, w: 0}
  - {x: 0, y: 0, z: 0, w: 0}
  - {x: 0, y: 0, z: 0, w: 0}
  - {x: 0, y: 0, z: 0, w: 0}
  - {x: 0, y: 0, z: 0, w: 0}
  - {x: 0, y: 0, z: 0, w: 0}
  - {x: 0, y: 0, z: 0, w: 0}
  - {x: 0, y: 0, z: 0, w: 0}
  - {x: 0, y: 0, z: 0, w: 0}
  - {x: 0, y: 0, z: 0, w: 0}
  - {x: 0, y: 0, z: 0, w: 0}
  - {x: 0, y: 0, z: 0, w: 0}
  - {x: 0, y: 0, z: 0, w: 0}
  - {x: 0, y: 0, z: 0, w: 0}
  - {x: 0, y: 0, z: 0, w: 0}
  - {x: 0, y: 0, z: 0, w: 0}
  - {x: 0, y: 0, z: 0, w: 0}
  - {x: 0, y: 0, z: 0, w: 0}
  - {x: 0, y: 0, z: 0, w: 0}
  - {x: 0, y: 0, z: 0, w: 0}
  - {x: 0, y: 0, z: 0, w: 0}
  _tangents: []
  _sharedIndicesUV: []
  _colors:
  - {r: 1, g: 1, b: 1, a: 1}
  - {r: 1, g: 1, b: 1, a: 1}
  - {r: 1, g: 1, b: 1, a: 1}
  - {r: 1, g: 1, b: 1, a: 1}
  - {r: 1, g: 1, b: 1, a: 1}
  - {r: 1, g: 1, b: 1, a: 1}
  - {r: 1, g: 1, b: 1, a: 1}
  - {r: 1, g: 1, b: 1, a: 1}
  - {r: 1, g: 1, b: 1, a: 1}
  - {r: 1, g: 1, b: 1, a: 1}
  - {r: 1, g: 1, b: 1, a: 1}
  - {r: 1, g: 1, b: 1, a: 1}
  - {r: 1, g: 1, b: 1, a: 1}
  - {r: 1, g: 1, b: 1, a: 1}
  - {r: 1, g: 1, b: 1, a: 1}
  - {r: 1, g: 1, b: 1, a: 1}
  - {r: 1, g: 1, b: 1, a: 1}
  - {r: 1, g: 1, b: 1, a: 1}
  - {r: 1, g: 1, b: 1, a: 1}
  - {r: 1, g: 1, b: 1, a: 1}
  - {r: 1, g: 1, b: 1, a: 1}
  - {r: 1, g: 1, b: 1, a: 1}
  - {r: 1, g: 1, b: 1, a: 1}
  - {r: 1, g: 1, b: 1, a: 1}
  - {r: 1, g: 1, b: 1, a: 1}
  - {r: 1, g: 1, b: 1, a: 1}
  - {r: 1, g: 1, b: 1, a: 1}
  - {r: 1, g: 1, b: 1, a: 1}
  - {r: 1, g: 1, b: 1, a: 1}
  - {r: 1, g: 1, b: 1, a: 1}
  - {r: 1, g: 1, b: 1, a: 1}
  - {r: 1, g: 1, b: 1, a: 1}
  - {r: 1, g: 1, b: 1, a: 1}
  - {r: 1, g: 1, b: 1, a: 1}
  - {r: 1, g: 1, b: 1, a: 1}
  - {r: 1, g: 1, b: 1, a: 1}
  - {r: 1, g: 1, b: 1, a: 1}
  - {r: 1, g: 1, b: 1, a: 1}
  - {r: 1, g: 1, b: 1, a: 1}
  - {r: 1, g: 1, b: 1, a: 1}
  - {r: 1, g: 1, b: 1, a: 1}
  - {r: 1, g: 1, b: 1, a: 1}
  - {r: 1, g: 1, b: 1, a: 1}
  - {r: 1, g: 1, b: 1, a: 1}
  - {r: 1, g: 1, b: 1, a: 1}
  - {r: 1, g: 1, b: 1, a: 1}
  - {r: 1, g: 1, b: 1, a: 1}
  - {r: 1, g: 1, b: 1, a: 1}
  - {r: 1, g: 1, b: 1, a: 1}
  - {r: 1, g: 1, b: 1, a: 1}
  - {r: 1, g: 1, b: 1, a: 1}
  - {r: 1, g: 1, b: 1, a: 1}
  - {r: 1, g: 1, b: 1, a: 1}
  - {r: 1, g: 1, b: 1, a: 1}
  - {r: 1, g: 1, b: 1, a: 1}
  - {r: 1, g: 1, b: 1, a: 1}
  - {r: 1, g: 1, b: 1, a: 1}
  - {r: 1, g: 1, b: 1, a: 1}
  - {r: 1, g: 1, b: 1, a: 1}
  - {r: 1, g: 1, b: 1, a: 1}
  - {r: 1, g: 1, b: 1, a: 1}
  - {r: 1, g: 1, b: 1, a: 1}
  - {r: 1, g: 1, b: 1, a: 1}
  - {r: 1, g: 1, b: 1, a: 1}
  - {r: 1, g: 1, b: 1, a: 1}
  - {r: 1, g: 1, b: 1, a: 1}
  - {r: 1, g: 1, b: 1, a: 1}
  - {r: 1, g: 1, b: 1, a: 1}
  - {r: 1, g: 1, b: 1, a: 1}
  - {r: 1, g: 1, b: 1, a: 1}
  - {r: 1, g: 1, b: 1, a: 1}
  - {r: 1, g: 1, b: 1, a: 1}
  - {r: 1, g: 1, b: 1, a: 1}
  - {r: 1, g: 1, b: 1, a: 1}
  - {r: 1, g: 1, b: 1, a: 1}
  - {r: 1, g: 1, b: 1, a: 1}
  - {r: 1, g: 1, b: 1, a: 1}
  - {r: 1, g: 1, b: 1, a: 1}
  - {r: 1, g: 1, b: 1, a: 1}
  - {r: 1, g: 1, b: 1, a: 1}
  - {r: 1, g: 1, b: 1, a: 1}
  - {r: 1, g: 1, b: 1, a: 1}
  - {r: 1, g: 1, b: 1, a: 1}
  - {r: 1, g: 1, b: 1, a: 1}
  - {r: 1, g: 1, b: 1, a: 1}
  - {r: 1, g: 1, b: 1, a: 1}
  - {r: 1, g: 1, b: 1, a: 1}
  - {r: 1, g: 1, b: 1, a: 1}
  - {r: 1, g: 1, b: 1, a: 1}
  - {r: 1, g: 1, b: 1, a: 1}
  - {r: 1, g: 1, b: 1, a: 1}
  - {r: 1, g: 1, b: 1, a: 1}
  - {r: 1, g: 1, b: 1, a: 1}
  - {r: 1, g: 1, b: 1, a: 1}
  - {r: 1, g: 1, b: 1, a: 1}
  - {r: 1, g: 1, b: 1, a: 1}
  - {r: 1, g: 1, b: 1, a: 1}
  - {r: 1, g: 1, b: 1, a: 1}
  - {r: 1, g: 1, b: 1, a: 1}
  - {r: 1, g: 1, b: 1, a: 1}
  - {r: 1, g: 1, b: 1, a: 1}
  - {r: 1, g: 1, b: 1, a: 1}
  - {r: 1, g: 1, b: 1, a: 1}
  - {r: 1, g: 1, b: 1, a: 1}
  - {r: 1, g: 1, b: 1, a: 1}
  - {r: 1, g: 1, b: 1, a: 1}
  - {r: 1, g: 1, b: 1, a: 1}
  - {r: 1, g: 1, b: 1, a: 1}
  - {r: 1, g: 1, b: 1, a: 1}
  - {r: 1, g: 1, b: 1, a: 1}
  - {r: 1, g: 1, b: 1, a: 1}
  - {r: 1, g: 1, b: 1, a: 1}
  - {r: 1, g: 1, b: 1, a: 1}
  - {r: 1, g: 1, b: 1, a: 1}
  - {r: 1, g: 1, b: 1, a: 1}
  - {r: 1, g: 1, b: 1, a: 1}
  - {r: 1, g: 1, b: 1, a: 1}
  - {r: 1, g: 1, b: 1, a: 1}
  - {r: 1, g: 1, b: 1, a: 1}
  - {r: 1, g: 1, b: 1, a: 1}
  - {r: 1, g: 1, b: 1, a: 1}
  - {r: 1, g: 1, b: 1, a: 1}
  - {r: 1, g: 1, b: 1, a: 1}
  - {r: 1, g: 1, b: 1, a: 1}
  - {r: 1, g: 1, b: 1, a: 1}
  - {r: 1, g: 1, b: 1, a: 1}
  - {r: 1, g: 1, b: 1, a: 1}
  - {r: 1, g: 1, b: 1, a: 1}
  - {r: 1, g: 1, b: 1, a: 1}
  - {r: 1, g: 1, b: 1, a: 1}
  - {r: 1, g: 1, b: 1, a: 1}
  - {r: 1, g: 1, b: 1, a: 1}
  - {r: 1, g: 1, b: 1, a: 1}
  - {r: 1, g: 1, b: 1, a: 1}
  - {r: 1, g: 1, b: 1, a: 1}
  - {r: 1, g: 1, b: 1, a: 1}
  - {r: 1, g: 1, b: 1, a: 1}
  - {r: 1, g: 1, b: 1, a: 1}
  - {r: 1, g: 1, b: 1, a: 1}
  - {r: 1, g: 1, b: 1, a: 1}
  - {r: 1, g: 1, b: 1, a: 1}
  - {r: 1, g: 1, b: 1, a: 1}
  - {r: 1, g: 1, b: 1, a: 1}
  - {r: 1, g: 1, b: 1, a: 1}
  - {r: 1, g: 1, b: 1, a: 1}
  - {r: 1, g: 1, b: 1, a: 1}
  - {r: 1, g: 1, b: 1, a: 1}
  - {r: 1, g: 1, b: 1, a: 1}
  - {r: 1, g: 1, b: 1, a: 1}
  - {r: 1, g: 1, b: 1, a: 1}
  - {r: 1, g: 1, b: 1, a: 1}
  - {r: 1, g: 1, b: 1, a: 1}
  - {r: 1, g: 1, b: 1, a: 1}
  - {r: 1, g: 1, b: 1, a: 1}
  - {r: 1, g: 1, b: 1, a: 1}
  - {r: 1, g: 1, b: 1, a: 1}
  - {r: 1, g: 1, b: 1, a: 1}
  - {r: 1, g: 1, b: 1, a: 1}
  - {r: 1, g: 1, b: 1, a: 1}
  - {r: 1, g: 1, b: 1, a: 1}
  - {r: 1, g: 1, b: 1, a: 1}
  - {r: 1, g: 1, b: 1, a: 1}
  - {r: 1, g: 1, b: 1, a: 1}
  - {r: 1, g: 1, b: 1, a: 1}
  - {r: 1, g: 1, b: 1, a: 1}
  - {r: 1, g: 1, b: 1, a: 1}
  - {r: 1, g: 1, b: 1, a: 1}
  - {r: 1, g: 1, b: 1, a: 1}
  - {r: 1, g: 1, b: 1, a: 1}
  - {r: 1, g: 1, b: 1, a: 1}
  - {r: 1, g: 1, b: 1, a: 1}
  - {r: 1, g: 1, b: 1, a: 1}
  - {r: 1, g: 1, b: 1, a: 1}
  - {r: 1, g: 1, b: 1, a: 1}
  - {r: 1, g: 1, b: 1, a: 1}
  - {r: 1, g: 1, b: 1, a: 1}
  - {r: 1, g: 1, b: 1, a: 1}
  - {r: 1, g: 1, b: 1, a: 1}
  - {r: 1, g: 1, b: 1, a: 1}
  - {r: 1, g: 1, b: 1, a: 1}
  - {r: 1, g: 1, b: 1, a: 1}
  - {r: 1, g: 1, b: 1, a: 1}
  - {r: 1, g: 1, b: 1, a: 1}
  - {r: 1, g: 1, b: 1, a: 1}
  - {r: 1, g: 1, b: 1, a: 1}
  - {r: 1, g: 1, b: 1, a: 1}
  - {r: 1, g: 1, b: 1, a: 1}
  - {r: 1, g: 1, b: 1, a: 1}
  - {r: 1, g: 1, b: 1, a: 1}
  - {r: 1, g: 1, b: 1, a: 1}
  - {r: 1, g: 1, b: 1, a: 1}
  - {r: 1, g: 1, b: 1, a: 1}
  - {r: 1, g: 1, b: 1, a: 1}
  - {r: 1, g: 1, b: 1, a: 1}
  - {r: 1, g: 1, b: 1, a: 1}
  - {r: 1, g: 1, b: 1, a: 1}
  - {r: 1, g: 1, b: 1, a: 1}
  - {r: 1, g: 1, b: 1, a: 1}
  - {r: 1, g: 1, b: 1, a: 1}
  - {r: 1, g: 1, b: 1, a: 1}
  - {r: 1, g: 1, b: 1, a: 1}
  - {r: 1, g: 1, b: 1, a: 1}
  - {r: 1, g: 1, b: 1, a: 1}
  - {r: 1, g: 1, b: 1, a: 1}
  - {r: 1, g: 1, b: 1, a: 1}
  - {r: 1, g: 1, b: 1, a: 1}
  - {r: 1, g: 1, b: 1, a: 1}
  - {r: 1, g: 1, b: 1, a: 1}
  - {r: 1, g: 1, b: 1, a: 1}
  - {r: 1, g: 1, b: 1, a: 1}
  - {r: 1, g: 1, b: 1, a: 1}
  - {r: 1, g: 1, b: 1, a: 1}
  - {r: 1, g: 1, b: 1, a: 1}
  - {r: 1, g: 1, b: 1, a: 1}
  - {r: 1, g: 1, b: 1, a: 1}
  - {r: 1, g: 1, b: 1, a: 1}
  userCollisions: 0
  isSelectable: 1
  unwrapParameters:
    hardAngle: 88
    packMargin: 4
    angleError: 8
    areaError: 15
  asset_guid: 
  dontDestroyMeshOnDelete: 0
  m_selectedFaces: 
  m_SelectedEdges: []
  m_selectedTriangles: 
